3450 5310
283 415 301 472 2
804 413 834 471 C.
857 413 891 472 A.
913 413 1023 472 Broldn.

281 593 344 652 stet
364 585 497 666 linguam
518 587 643 652 latinam
664 587 704 650 ad
724 605 870 650 summanr
891 585 1104 669 perfectionem
1126 583 1299 660 adduxisse,
1323 585 1428 648 sedin
1451 582 1530 646 mul-

281 695 330 750 tos
351 705 466 769 quoque
488 687 646 769 diligenter
665 687 884 771 inquisiverunt
904 707 1021 762 eornm,
1053 686 1103 768 qui
1130 705 1219 768 quum
1242 685 1403 767 primorum
1425 685 1529 748 Cessa-

281 807 346 852 rum
367 788 550 870 temporibus
573 795 688 862 essent,
709 788 795 853 nobis
817 789 985 863 declarant,
1006 787 1102 870 qualis
1123 793 1192 868 post
1213 787 1392 869 optimorum
1412 785 1529 848 illorum

281 897 403 951 estatem
437 889 526 952 fuerit
556 889 643 952 latini
670 889 815 952 sermonis
837 888 978 953 conditio.
1020 887 1177 951 Videbunt
1199 887 1278 950 euim
1300 887 1347 950 his
1376 885 1530 968 scriptori-

280 989 351 1065 bus,
373 988 491 1052 etiamsi
512 990 552 1052 ad
572 991 690 1054 illorum
712 990 917 1073 praestantiam
939 1008 997 1051 non
1019 989 1210 1064 accederent,
1232 1007 1318 1051 suam
1339 997 1441 1051 tamen
1465 987 1531 1049 lau-

280 1091 347 1152 dem
368 1089 558 1154 tribuendam
580 1110 661 1167 esse,
682 1111 778 1175 neque
799 1091 916 1154 illorum
939 1109 1032 1172 opera
1052 1109 1218 1152 sermonem
1240 1089 1367 1152 latinum
1394 1098 1459 1151 tam
1483 1089 1531 1150 fu·

278 1190 340 1253 isse
372 1191 411 1253 ab
443 1191 524 1254 omni
556 1199 642 1274 parte
667 1194 845 1275 perfectum,
877 1201 912 1255 ut
933 1190 1007 1254 nihil
1029 1190 1110 1254 ultra
1131 1191 1170 1252 ab
1191 1189 1228 1252 iis
1251 1190 1323 1252 addi
1343 1197 1459 1272 posset,
1481 1187 1532 1270 qui

279 1299 387 1374 postea
408 1290 515 1356 litteris
537 1293 704 1357 studerent
747 1293 849 1364 Quare
870 1313 958 1374 quum
980 1291 1035 1354 hos
1058 1311 1172 1373 quoque
1187 1297 1331 1372 putarent
1345 1293 1383 1354 ad
1398 1290 1532 1372 linguam

279 1391 472 1456 excolendam
493 1401 582 1475 atque
603 1394 842 1476 locupletandam
864 1394 990 1456 multum
1013 1393 1163 1466 effecisse,
1196 1399 1344 1472 argenteae
1370 1391 1432 1468 illi,
1465 1409 1532 1473 quse

279 1501 413 1568 vocatur,
434 1492 579 1558 latinitati
600 1495 811 1576 cognoscenda
832 1488 958 1558 multam
981 1513 1101 1576 operam
1129 1493 1286 1556 dederuut.
1330 1489 1402 1563 Qua
1428 1499 1531 1555 tamen

279 1593 311 1656 ln
333 1613 367 1656 re
389 1613 479 1675 quum
500 1596 598 1658 multa
630 1596 767 1678 equidem
788 1595 917 1659 viderem
940 1595 1070 1658 nondum
1092 1613 1157 1656 esse
1178 1593 1254 1657 satis
1276 1594 1455 1676 explanata,
1477 1611 1532 1654 ne-

279 1713 335 1776 que
357 1695 530 1777 qnisquam,
557 1697 636 1778 quod
656 1697 776 1771 scirem,
798 1696 834 1758 dc
856 1697 1007 1758 scribendi
1028 1715 1136 1776 genere
1158 1694 1199 1758 A.
1221 1693 1353 1758 Cornelii
1376 1692 1458 1758 Celsi
1479 1711 1530 1755 oo-

278 1795 391 1876 piosius
413 1795 646 1878 disputavisset,
681 1817 777 1880 opera
798 1795 926 1878 pretium
948 1797 1081 1860 facturus
1104 1795 1176 1858 mihi
1198 1795 1336 1868 videbar,
1359 1795 1386 1858 si
1408 1795 1445 1856 de
1467 1792 1531 1856 elo-

280 1896 397 1960 cutione
429 1897 493 1978 ejus
526 1898 627 1980 aliqua
659 1917 805 1980 exponere
827 1903 953 1960 conatus
975 1917 1081 1960 essem.
1122 1897 1166 1960 Et
1187 1915 1367 1978 quamquam
1388 1896 1464 1958 satis
1485 1895 1533 1956 in-

278 1997 465 2078 telligebam,
497 1997 575 2062 hano
607 2018 671 2062 rem
693 2008 725 2062 et
746 1998 872 2060 multum
894 1997 1081 2062 difficultatis
1103 1997 1212 2060 habere
1235 2004 1266 2058 et
1287 1997 1380 2060 multo
1403 1996 1533 2076 majores

279 2098 355 2160 vires
377 2098 562 2176 desiderare,
584 2119 672 2181 quam
694 2119 759 2182 quse
781 2118 853 2162 meae
874 2107 991 2174 essent,
1016 2099 1083 2162 ideo
1105 2108 1207 2160 temen
1230 2098 1287 2160 hoc
1308 2116 1383 2178 opus
1404 2096 1531 2177 suscepi,

278 2200 357 2280 quod
378 2198 480 2282 aliqua
500 2220 538 2264 ex
558 2209 645 2283 parte
667 2220 714 2263 me
736 2201 915 2264 effecturum
937 2200 1111 2281 sperabam,
1131 2209 1166 2262 ut
1186 2198 1282 2280 magis
1297 2205 1530 2278 cognosceretur,

278 2299 376 2380 qualis
408 2307 488 2363 esset
519 2321 615 2364 sermo
643 2302 732 2382 hujus
753 2301 923 2382 scriptoris,
956 2320 1041 2383 quem
1063 2300 1271 2382 gravissimum
1294 2319 1397 2362 omnes
1418 2317 1531 2380 semper

275 2399 464 2482 judicassent
484 2401 572 2466 bonae
592 2402 751 2466 latinitatis
773 2410 933 2466 auctorem.

362 2699 463 2774 Quum
485 2702 522 2766 de
543 2701 609 2766 vita
629 2703 711 2768 Celsi
734 2703 808 2766 nihil
829 2705 889 2768 fere
912 2703 1061 2768 memoriae
1082 2702 1232 2786 proditum
1262 2701 1319 2780 sit,
1354 2709 1419 2766 tum
1441 2701 1532 2764 certis

279 2802 397 2868 indiciis
429 2805 638 2884 cognovimus,
671 2825 738 2868 eum
772 2814 803 2868 et
835 2805 993 2888 multiplici
1025 2806 1162 2868 doctrina
1184 2803 1277 2868 fuisse
1298 2805 1478 2866 instructum
1501 2810 1534 2865 et

280 2904 357 2968 mira
377 2904 509 2986 quadam
530 2906 681 2970 scribendi
702 2905 847 2971 facultate
869 2906 907 2970 de
929 2906 1031 2970 multis
1053 2907 1201 2988 variisque
1223 2905 1313 2968 rebus
1335 2905 1427 2967 libros
1449 2923 1532 2966 com-

279 3004 429 3087 posuisee3
465 3015 497 3069 et
518 3003 723 3078 Quintilianus
746 3007 864 3088 quidem
886 3027 945 3070 non
968 3007 1088 3070 dubitet
1109 3025 1175 3070 enm
1196 3006 1227 3070 in
1250 3005 1307 3070 han
1328 3023 1361 3067 re
1383 3023 1450 3068 cnm
1473 3004 1532 3068 Ce-

279 3114 369 3181 toue,
400 3106 553 3182 Varrone,
585 3107 728 3172 Cicerone
760 3107 989 3192 comparare1).
1033 3107 1162 3172 Constat
1193 3107 1284 3187 igitur
1309 3125 1376 3170 enm
1406 3105 1443 3167 de
1466 3113 1532 3168 arte

279 3207 444 3282 rhetorica,
466 3207 503 3270 de
524 3207 729 3290 philosophia,
761 3210 797 3272 de
819 3229 850 3272 re
872 3208 1008 3286 militari,
1041 3209 1078 3271 de
1099 3229 1131 3272 re
1152 3208 1282 3283 rustica,
1315 3207 1352 3270 de
1385 3205 1533 3271 medicina

279 3307 375 3372 libros
407 3309 633 3390 conscripsisse,
665 3318 695 3372 et
726 3319 907 3391 putaverunt
938 3309 1075 3374 nonnulli
1096 3330 1162 3374 eum
1186 3308 1342 3372 historiam
1365 3325 1480 3389 quoque
1502 3314 1534 3369 et

276 3407 327 3490 jus
348 3416 497 3472 tractasse
512 3407 551 3493 ²).
593 3412 643 3474 Ex
664 3411 747 3474 libris
769 3421 870 3474 autem
893 3411 971 3492 ejus,
1004 3431 1077 3493 quos
1109 3412 1226 3474 videtur
1257 3409 1287 3472 iu
1310 3428 1402 3471 unum
1425 3425 1532 3488 corpus

281 3509 555 3590 comprehendisse,
587 3513 665 3592 quod
687 3509 778 3576 Artes
799 3512 974 3592 inscriptum
997 3521 1077 3586 erat,
1110 3513 1149 3576 ad
1171 3520 1305 3574 nostram
1328 3515 1449 3571 aetatem
1472 3526 1532 3570 non

279 3617 511 3691 permanserunt
541 3611 598 3673 nisi
631 3620 699 3676 octo
722 3613 759 3674 de
781 3612 926 3675 medicina
948 3613 1024 3676 libri.
1067 3613 1114 3676 De
1136 3612 1292 3676 rhetoricis
1315 3617 1413 3672 antem
1437 3607 1533 3670 multa

280 3711 372 3774 affert
394 3708 599 3780 Quintilianus
622 3720 653 3774 et
674 3713 792 3794 quidem
815 3732 894 3794 saepe
917 3713 967 3788 iis,
999 3733 1063 3794 quae
1084 3734 1105 3776 a
1124 3714 1212 3778 Celso
1233 3713 1263 3775 in
1286 3711 1344 3774 hac
1367 3718 1431 3772 arte
1453 3727 1531 3791 prec-

281 3819 370 3892 cepta
391 3819 476 3886 sunt,
498 3813 674 3876 adversatur
696 3833 790 3896 neque
812 3813 933 3876 omnino
954 3813 1072 3877 videtur
1093 3815 1121 3878 ei
1141 3814 1268 3878 multum
1288 3811 1449 3874 admodum
1464 3810 1532 3874 lau-

281 3911 328 3974 dis
349 3911 489 3974 tribuere.
532 3913 706 3996 Eodemque
727 3924 805 3977 teste
817 3913 847 3998 ³)
869 3915 994 3990 scimus,
1016 3915 1135 3978 Celsum
1150 3915 1180 3978 iu
1196 3912 1386 3996 philosophia
1400 3909 1532 3984 Sextios,

281 4010 333 4094 qui
364 4012 533 4076 Stoicorum
566 4015 694 4078 maxime
725 4015 914 4096 disciplinam
945 4015 1077 4097 amplexi
1109 4025 1195 4092 sunt,
1227 4024 1362 4080 secutum
1385 4031 1444 4074 non
1466 4010 1531 4073 sine

281 4113 363 4176 cultu
384 4132 421 4176 ac
442 4113 538 4176 nitore
560 4117 654 4180 multa
675 4116 893 4198 conscripsisse.
936 4115 1038 4199 Atque
1059 4136 1096 4180 ex
1111 4118 1214 4193 libris,
1235 4136 1309 4200 quos
1324 4114 1360 4176 de
1374 4132 1406 4175 re
1420 4112 1532 4176 rustica

281 4214 473 4295 conscripsit,
486 4216 569 4278 satis
591 4217 688 4280 multa
708 4216 878 4282 Columella
899 4218 1020 4294 attulit,
1041 4218 1107 4300 ipse
1130 4240 1167 4284 ea
1187 4238 1296 4300 magua
1309 4235 1347 4279 ex
1361 4223 1447 4296 parte
1460 4231 1531 4294 pro·

329 4393 350 4468 ¹)
373 4397 469 4468 Quint.
491 4399 560 4458 Inst.
583 4419 623 4458 or.
650 4403 699 4469 12,
725 4403 773 4470 11,
799 4404 849 4460 23.

325 4477 350 4554 ²)
372 4485 436 4541 Vid.
460 4503 522 4556 quae
543 4487 578 4542 de
598 4489 641 4543 his
663 4491 744 4544 rebus
766 4491 875 4562 copiose
885 4489 1041 4560 disputavit
1052 4489 1081 4547 C.
1094 4487 1238 4554 Kisselius,
1265 4486 1317 4541 «A.
1333 4481 1414 4541 Corn.
1427 4483 1530 4553 Celsus,

281 4571 343 4625 eine
364 4571 530 4630 historisohe
551 4574 783 4648 Monographie.›
829 4577 943 4634 Gicssen
967 4576 1059 4633 1844.

326 4649 440 4728 ulna.
464 4657 511 4716 Or.
537 4661 586 4728 10,
612 4662 639 4730 1,
665 4661 736 4720 124.
