3450 5310
527 419 569 476 De
589 421 745 480 elocutione
766 419 800 476 I.
822 417 944 482 Cornelii
964 417 1044 474 Celsi.
1378 417 1417 473 39

246 589 291 655 N
292 611 347 667 ec,
368 593 446 676 quod
469 611 523 674 pro
537 613 575 656 ne
585 627 625 638 -
637 589 760 676 wellam
780 597 966 673 usurparunt
979 590 1047 654 Liv.
1063 597 1094 652 et
1107 589 1286 672 posteriores
1300 589 1419 672 script,

160 693 244 772 epud
263 692 386 758 Celsum
405 713 442 756 es
459 693 676 774 significatione
695 711 753 756 nou
765 691 924 756 iuvenitur.
967 691 1130 755 Nonnullis
1146 691 1238 754 etiem
1257 691 1346 766 locis,
1367 690 1419 754 obi

109 811 111 820 ’
161 792 234 858 olim
269 794 416 876 scriptum
438 803 506 858 eret
533 813 601 858 nea
623 825 660 842 -·
682 791 847 878 quidem,
878 793 1060 856 recentiores
1092 791 1222 854 editores
1253 801 1420 873 posuerunt

160 914 199 958 ue
214 894 414 978 -quidem,
447 903 644 977 preterquam
673 893 751 976 quod
775 894 879 960 Ritter
900 893 1017 956 duobus
1040 893 1112 958 locis
1141 888 1190 978 (I,
1210 892 1231 954 4
1251 893 1302 956 liu.
1323 893 1419 965 VIII,

162 995 178 1058 l
202 993 262 1077 in.)
287 995 441 1077 antiquum
463 995 643 1078 scriptorem
666 994 797 1058 retinuit.

246 1092 393 1180 Neque,
414 1117 478 1160 aee
498 1117 551 1178 pro
574 1116 645 1160 neue
666 1096 855 1176 precedente
876 1103 909 1158 ut
929 1093 1083 1156 invenitur
1103 1093 1135 1169 1,
1157 1094 1177 1156 3
1199 1113 1227 1175 p.
1249 1093 1304 1168 21,
1329 1092 1367 1158 19
1387 1101 1421 1156 ut

158 1203 188 1260 et
208 1193 297 1260 sitim
317 1194 400 1262 tollat
420 1219 473 1260 uec
493 1217 603 1282 corpus
624 1195 773 1262 incendat.
810 1195 875 1270 III,
899 1193 937 1258 19
959 1213 987 1276 p.
1013 1196 1086 1268 103,
1108 1195 1148 1258 23
1176 1203 1210 1258 ut
1230 1195 1346 1258 nutriat
1366 1215 1420 1258 ne-

158 1317 219 1381 que
240 1305 353 1362 oneret·
375 1297 472 1372 VIII,
495 1299 514 1360 3
536 1317 565 1380 p.
583 1297 644 1360 332
665 1297 705 1360 in.
727 1304 760 1358 ut
780 1296 1030 1382 quandocumque
1050 1314 1083 1360 os
1101 1305 1330 1380 perrumpatur,
1347 1315 1421 1359 'sers-

158 1397 277 1462 tiamus
298 1418 393 1482 usque
410 1397 629 1482 periclitemur,
650 1419 688 1462 ue
708 1432 764 1462 -.
786 1399 802 1460 1
823 1417 953 1480 prooem.
976 1417 1004 1478 p.
1030 1397 1084 1470 12,
1108 1397 1147 1460 10
1169 1396 1365 1482 precipiunt,
1386 1405 1421 1460 ut

157 1499 354 1582 conquiescet
381 1533 422 1546 ·-·
447 1521 483 1564 ac
514 1519 611 1584 neque
635 1497 748 1562 uomitu
774 1497 961 1562 sumariam
993 1517 1087 1581 neque
1109 1497 1293 1581 perpellere
1320 1495 1421 1563 aluum

157 1595 345 1679 mtutetu.
389 1600 442 1664 Gir
464 1600 560 1676 VIII,
585 1600 623 1662 13
644 1609 721 1664 extr.
753 1609 787 1662 ut
817 1619 865 1662 res
897 1597 1021 1662 indiciis
1052 1606 1277 1683 coquosaeretur
1307 1607 1334 1662 et
1359 1617 1421 1662 nort

152 1708 306 1784 putarent
332 1699 391 1764 eibi
417 1701 566 1766 medicum
591 1697 740 1784 defuisse,
771 1699 877 1784 siqui
897 1699 940 1763 sic
961 1696 1092 1784 aliquem
1109 1697 1324 1784 perdidissent.
1368 1699 1422 1763 cfr

157 1800 256 1864 etism
279 1802 344 1877 III,
369 1801 408 1864 14
433 1822 486 1866 uec
506 1801 612 1865 uinum
632 1799 695 1864 nisi
710 1811 781 1886 post
802 1801 999 1865 accessionem
1023 1799 1086 1864 diei
1106 1798 1227 1884 septimi
1246 1798 1342 1875 etat,
1369 1799 1421 1864 ubi

157 1921 214 1968 uec
235 1901 370 1984 positum
392 1913 440 1968 est
460 1921 513 1984 pro
535 1923 572 1966 ae
593 1912 702 1966 eutem.

245 2000 335 2066 Nou
366 2023 419 2084 pro
451 2024 489 2068 ue
520 2003 642 2085 ponitur
672 2015 741 2084 post
768 2003 946 2084 perticulam
974 2021 1040 2084 que
1068 2009 1114 2064 est
1140 2000 1214 2068 dum
1239 2000 1281 2077 V,
1305 1999 1358 2076 18,
1379 2000 1419 2063 23

78 2187 82 2190 -
158 2103 237 2166 dum
259 2103 295 2166 id
316 2102 423 2168 deeius
443 2125 503 2168 nort
520 2105 636 2194 saciat,
659 2123 752 2188 quam
773 2125 835 2168 esse
855 2101 1009 2188 mampma
1030 2109 1154 2188 oportet.
1176 2102 1206 2176 1,
1228 2103 1249 2164 3
1269 2123 1299 2184 p.
1317 2100 1365 2176 18,
1380 2102 1421 2165 32

158 2205 242 2268 idem
266 2204 318 2280 fn,
344 2205 415 2286 quie
441 2225 501 2268 uon
522 2225 589 2268 cum
610 2214 754 2286 sequente
776 2203 927 2286 particule
951 2203 1013 2268 nisi
1040 2211 1122 2266 erote
1145 2202 1337 2284 conjunctum
1358 2211 1421 2268 set:

158 2305 236 2370 dum
264 2305 422 2382 emeda,
454 2315 482 2368 et
508 2326 569 2370 nou
596 2305 658 2368 uisi
685 2327 780 2390 quum
804 2327 881 2391 opus
903 2315 959 2380 est,
991 2303 1200 2368 adhibeantur.
1242 2305 1323 2366 Num
1345 2303 1421 2366 setis

159 2425 243 2489 seepe
277 2425 297 2468 u
324 2405 414 2470 Celso
441 2427 502 2470 une
528 2406 715 2470 collocentur
736 2428 809 2470 uon
830 2406 920 2482 nisi,
952 2406 997 2468 its
1017 2405 1160 2469 etunius
1181 2405 1336 2486 pertIculae
1359 2405 1420 2468 vim

159 2515 268 2570 tenere
291 2507 467 2582 videantur,
496 2507 579 2570 velut
599 2509 648 2582 II,
672 2507 711 2572 16
732 2509 774 2572 iu.
816 2505 1013 2572 Abstiuemie
1034 2526 1103 2570 vero
1124 2505 1185 2568 duo
1204 2527 1315 2590 qerrera
1337 2513 1421 2582 strat,

159 2605 291 2672 aterum
321 2606 375 2672 uli
404 2606 482 2672 uilil
508 2608 635 2672 assumit
662 2628 756 2694 eqer,
788 2608 919 2674 alterum
945 2607 998 2672 ubi
1024 2628 1085 2671 aaa
1112 2605 1174 2670 nisi
1194 2607 1277 2694 quod
1297 2615 1421 2692 oportet.

160 2709 338 2774 Ciceronem
362 2719 458 2791 pcrtt.
484 2731 545 2774 uon
565 2707 627 2774 nisi
652 2711 697 2774 ite
718 2729 837 2793 semper
859 2729 982 2792 ponere,
1004 2717 1037 2774 ut
1059 2709 1251 2774 intercedent
1271 2709 1351 2796 inter
1368 2727 1421 2772 sss

159 2810 265 2892 ulique
285 2811 394 2885 verbe,
416 2811 491 2874 setis
513 2821 616 2874 uotum
637 2820 684 2874 est
693 2809 734 2896 ²).

246 2907 454 2996 Praecipue.
497 2909 586 2982 Quod
616 2912 697 2994 apud
722 2911 942 2985 Quintilianum
967 2911 1032 2976 fieri
1059 2910 1133 2976 dicit
1159 2910 1355 2996 Heudiusl),
1386 2917 1422 2976 ut

160 3011 201 3074 ud
226 3011 380 3095 precipue
405 3011 449 3074 ite
475 3020 643 3094 apponetur
665 3035 721 3098 que
748 3013 933 3095 conjunctio,
958 3021 993 3076 ut
1014 3013 1077 3076 haee
1098 3011 1249 3093 particule
1270 3031 1329 3076 nou
1352 3010 1422 3076 uni»

161 3129 280 3176 versem
312 3113 493 3174 renuntiem
527 3121 631 3176 nectet
662 3123 716 3176 sut
748 3115 916 3190 continuet,
949 3116 1003 3178 sed
1032 3133 1099 3176 cum
1123 3111 1279 3200 precipue
1310 3112 1422 3176 oratius

161 3193 326 3293 conjuncte
353 3213 481 3276 adrem
507 3213 638 3296 aliquem
664 3234 726 3295 pree
747 3216 855 3278 ceteris
877 3215 1055 3280 efferendum
1081 3223 1258 3296 usurpetur,
1288 3213 1321 3276 id
1340 3213 1423 3296 opud

162 3311 286 3378 Celsum
308 3333 424 3396 quoque
446 3313 611 3394 sepissime
633 3315 683 3390 fit,
710 3315 794 3378 velut
818 3317 849 3392 I,
870 3316 890 3376 3
915 3317 967 3378 fin.
1010 3313 1120 3398 Itaque
1140 3335 1239 3399 usque
1259 3315 1323 3378 siue
1343 3321 1422 3378 reru

161 3433 257 3500 neque
277 3415 342 3478 siue
363 3413 568 3479 calceameutis
585 3415 713 3499 prodire
733 3426 863 3500 eportet,
884 3417 1100 3502 precipueque
1121 3413 1227 3480 dicim
1240 3412 1422 3500 sriqidiori·

162 3510 228 3578 tus.
271 3515 370 3590 VIII,
392 3517 413 3580 4
440 3535 469 3597 p.
492 3515 553 3580 333
574 3517 625 3580 liu.
653 3537 762 3601 maqno
786 3518 907 3604 iuqeuio
931 3515 1085 3600 mutaque
1113 3513 1308 3581 mihilominus
1333 3513 1423 3580 leubi-

161 3620 230 3676 turo
255 3617 391 3682 conuenit
417 3618 507 3682 etiam
535 3615 665 3702 simplae
690 3619 755 3682 ueri
775 3620 888 3683 erroris
910 3618 1072 3706 consessio,
1094 3619 1308 3704 precipueque
1334 3617 1368 3682 ia
1388 3635 1422 3683 eo

162 3711 349 3791 ministerio,
369 3718 451 3800 quod
477 3717 614 3784 utilitatis
641 3740 734 3782 causa
756 3720 885 3804 posteris
911 3719 1053 3784 traditur.
1076 3755 1116 3767 -
1137 3717 1297 3804 Precepue
1324 3737 1421 3801 epo-

165 3811 340 3878 sterioribus
360 3817 461 3900 script.
484 3838 540 3900 pro
559 3820 730 3904 prasertim
750 3821 1012 3902 conjunctionibus
1032 3821 1170 3904 adjungi,
1198 3827 1421 3884 annotaverunt

162 3911 274 3978 Krete.
296 3933 321 3977 s.
343 3935 390 3991 v.,
412 3918 513 3980 Haud.
535 3940 559 3984 s.
582 3941 610 3984 v.
653 3922 747 4004 Apud
770 3922 892 3987 Celsum
915 3923 1002 3986 valde
1025 3923 1163 4004 frequens
1185 3930 1232 3984 est
1248 3920 1421 4006 precipue·

162 4035 221 4098 que
240 4015 282 4090 si,
310 4016 394 4080 velut
413 4019 477 4092 III,
499 4014 518 4082 7
540 4020 581 4083 in.
623 4019 661 4084 Si
688 4021 766 4086 eires
786 4023 911 4099 sinuat,
936 4022 1114 4108 sanquinem
1135 4021 1250 4087 mittere
1271 4021 1421 4108 optimum

163 4126 220 4192 est,
252 4116 463 4203 precipueque
489 4119 517 4180 si
542 4142 612 4184 aum
638 4119 739 4186 dolmu
759 4121 856 4206 febris
877 4133 934 4198 cst,·
965 4143 1024 4187 uno
1047 4125 1111 4186 loco
1138 4124 1291 4188 iuvenitur
1307 4126 1421 4210 preci-

159 4237 280 4304 pueque
300 4221 374 4304 quia
394 4220 471 4295 VII,
493 4219 527 4296 5,
550 4222 569 4284 2
590 4223 631 4286 iu.
673 4221 795 4308 Sepias
820 4225 923 4310 itaque
950 4223 990 4287 ab
1017 4223 1114 4287 altera
1131 4233 1237 4310 parte,
1266 4247 1360 4310 quam
1381 4247 1419 4290 ea

214 4449 233 4523 Ι)
256 4453 302 4508 Otr
324 4413 385 4525 que
412 4455 446 4510 de
468 4455 552 4510 simili
574 4456 636 4512 loco
657 4455 813 4528 disputavit
838 4459 932 4516 Madv.
948 4461 985 4516 ud
1000 4459 1056 4516 (lic.
1072 4459 1134 4516 mn.
1158 4460 1192 4527 4,
1209 4461 1239 4528 4,
1257 4462 1275 4516 9
1298 4481 1327 4534 p.
1345 4463 1417 4522 492.

208 4535 233 4610 2)
255 4539 302 4595 cn
324 4541 415 4598 Hund.
438 4559 460 4598 s.
483 4562 511 4599 v.
535 4561 602 4616 peg.
620 4543 691 4600 251.

209 4621 234 4702 ³)
255 4625 283 4684 S.
308 4647 334 4685 v.
352 4631 495 4703 precipue
516 4648 583 4703 pag.
601 4631 674 4690 530.
