3450 5310
340 415 377 470 10
846 413 877 470 0.
900 413 935 471 Α.
956 414 1068 470 Broltin.

421 585 640 661 Immorarr‘,
672 605 732 648 vox
754 605 817 666 erg.
839 586 956 662 oetetis,
978 586 1057 650 Cels.
1080 587 1145 662 ΙΙΙ,
1170 587 1205 648 ll
1229 585 1280 650 lin.
1302 586 1440 650 absolute
1462 587 1584 668 positum

340 689 447 770 Itaque
468 687 497 750 ei
516 685 689 749 remissioni
709 687 891 750 credendum
912 696 970 762 est,
992 707 1059 772 prere
1079 689 1169 750 etiem
1189 686 1388 760 immoreturr
1410 707 1476 750 cum
1488 677 1586 749 lutino

339 789 414 861 Vll,
436 789 478 850 20
499 807 529 868 p.
552 789 628 862 301,
650 788 725 848 nnsd.
748 787 829 872 quod
848 785 970 871 repulsa
992 787 1160 867 (intestina)
1192 786 1368 872 inprimitur
1387 787 1586 850 immorentur.

421 885 711 973 Improlclrilis,
743 907 809 969 quse
831 907 891 950 vox
912 898 1054 970 argentee
1075 889 1194 951 demum
1216 897 1307 952 aetete
1328 888 1465 969 usurpari
1488 895 1588 966 coepte

337 1000 398 1064 est,
431 989 510 1052 Cels.
533 989 548 1050 Ι
571 1007 702 1068 prooem.
725 1008 755 1070 p.
777 987 808 1064 5,
830 983 870 1052 27
903 985 941 1052 Si
960 990 1092 1052 rationes
1113 989 1199 1074 sequi
1228 987 1313 1064 velit,
1344 987 1479 1053 omnium
1504 1007 1588 1073 posse

337 1088 436 1154 rideri
455 1109 516 1152 reor
537 1086 758 1177 improbabiles.

420 1189 654 1264 Increscere,
678 1189 852 1270 posterioris
863 1191 963 1254 aetstis
975 1190 1109 1267 verbum,-
1125 1191 1203 1272 apud
1221 1189 1342 1254 Celsum
1357 1191 1447 1254 valde
1461 1191 1590 1270 frequens

338 1301 395 1356 est.
438 1289 692 1362 Ecarescere,
715 1309 772 1372 quo
794 1293 887 1354 verbo
910 1291 1015 1354 Cicero
1038 1301 1069 1354 et
1090 1291 1192 1356 Oaessr
1213 1299 1355 1366 utuntur,
1378 1311 1436 1354 uno
1453 1291 1517 1354 loco
1531 1291 1589 1364 Vl,

337 1391 367 1467 6,
390 1392 406 1454 l
430 1411 459 1472 p.
481 1387 553 1466 227,
576 1390 624 1454 19.
647 1387 791 1455 Arescere
812 1411 969 1473 nusquam.

420 1489 827 1576 Incomprelrerrsilrilis
859 1512 919 1554 uno
952 1493 1016 1556 loco
1050 1497 1098 1553 est
1122 1492 1137 1553 Ι
1160 1510 1289 1572 prooem.
1312 1489 1341 1572 p'.
1363 1489 1397 1566 6,
1418 1493 1448 1555 2.
1493 1483 1590 1568 Quom

336 1592 433 1678 ipitcr
446 1591 500 1655 illo
514 1592 643 1667 incerto,
664 1591 972 1676 incomprehensibilis
993 1591 1040 1655 sit.
1079 1591 1265 1654 Posteriores
1279 1592 1382 1672 script.
1399 1593 1456 1654 lnoc
1470 1593 1589 1653 verbnm
1675 1649 1676 1682 ,

338 1693 460 1756 habent.
503 1689 906 1778 Comprelrensibilisl
932 1712 1063 1776 prooem.
1091 1713 1121 1773 p.
1147 1693 1183 1766 5,
1205 1695 1242 1754 21
1266 1694 1411 1776 quoniam
1432 1713 1495 1755 nore
1515 1711 1591 1754 com·-
1675 1689 1676 1740 l

331 1792 544 1878 prehensibilis
564 1802 676 1856 natura
697 1795 753 1868 sit3
775 1813 840 1875 quae
863 1794 1033 1856 venetiam
1057 1793 1231 1874 posterioris
1254 1794 1415 1856 latinitatis
1432 1801 1496 1868 est,
1516 1811 1591 1874 prae-
1675 1801 1676 1882 }

337 1905 473 1975 terqunm
496 1895 574 1976 quod
596 1893 701 1956 Cicero
724 1895 821 1958 Acsd.
838 1895 867 1970 1,
883 1895 931 1970 ll,
946 1895 984 1958 41
1002 1893 1156 1970 sentitur,
1178 1903 1213 1957 ut
1234 1903 1333 1958 vertet
1350 1913 1478 1975 graecunn
1494 1915 1590 1956 rere·

338 1993 468 2080 lemeis.

420 2095 445 2158 I
447 2094 661 2158 ediceretur
683 2096 740 2170 lv,
762 2093 782 2158 6
803 2095 843 2159 in.
866 2097 1005 2180 quesnois
1025 2096 1126 2159 mimus
1148 2095 1432 2180 subtiliterquidam
1446 2095 1592 2160 indiscre-

337 2198 375 2260 tis
396 2197 444 2260 leis
463 2194 634 2259 nominibus
654 2206 788 2260 utuntur.
830 2197 946 2261 Praeter
977 2197 1146 2260 Varronem
1173 2198 1348 2280 posterioris
1377 2198 1478 2262 aetstis
1500 2195 1591 2278 scrip·

336 2307 419 2362 tores
440 2299 497 2360 hoc
519 2297 641 2360 verbum
665 2297 793 2388 hebent,

419 2397 668 2462 Indurescere
690 2395 795 2484 (ovid.
818 2408 849 2460 ct
870 2417 931 2478 arg.
954 2406 1004 2462 set.
1026 2397 1204 2483 scriptores)
1237 2399 1320 2480 epud
1353 2398 1473 2462 Celsum
1507 2415 1590 2478 saepe.

338 2497 360 2562 1
364 2499 535 2562 odorare
557 2497 637 2582 (Cic.
659 2499 765 2578 lrsgm.
780 2499 848 2562 Liv.
865 2497 922 2562 Ov.
938 2496 1131 2583 posteriores)
1153 2501 1269 2562 duobus
1291 2499 1381 2562 locis:
1404 2517 1465 2562 uno
1482 2497 1592 2562 transi-

339 2603 405 2662 tive
426 2600 455 2661 vi
477 2600 519 2674 V,
544 2597 591 2672 18,
612 2599 653 2661 35
674 2608 840 2683 ceterosque
872 2597 1014 2662 ortlcsrlos
1045 2599 1205 2663 induratos
1228 2599 1282 2662 lroc
1303 2597 1468 2674 molliebat,
1502 2600 1592 2662 altero

337 2701 534 2767 intransitiva
554 2699 595 2773 V,
618 2698 668 2774 28,
689 2698 709 2762 9
731 2701 782 2762 fin.
804 2697 857 2762 oli
878 2709 949 2762 retas
970 2697 1144 2775 induravit,
1166 2721 1203 2764 rre
1223 2699 1358 2762 nasetur
1372 2697 1592 2784 quidem(plry·

337 2805 415 2882 mc).
459 2801 559 2862 Klotz.
580 2799 611 2860 in
635 2799 731 2862 lexico
753 2819 843 2864 unum
872 2801 968 2862 locum
990 2801 1081 2862 affert
1101 2800 1236 2881 Vegetii,
1258 2802 1310 2864 ubi
1330 2802 1457 2863 intrans.
1480 2801 1511 2863 vi
1533 2799 1592 2862 hen

336 2921 397 2964 vox
418 2911 565 2982 usurpate
585 2900 635 2963 sit.
679 2899 768 2972 Quod
790 2901 940 2964 veteribus
961 2901 1102 2964 usitatius
1124 2911 1171 2964 est
1192 2901 1385 2966 obdurescere
1399 2899 1507 2964 Celsus
1522 2919 1592 2963 nus-

337 3021 425 3086 quam
449 3002 550 3064 hebet.

420 3101 632 3189 Infestore,
654 3121 715 3185 que
736 3119 808 3165 voce
830 3111 955 3166 utuntur
975 3101 1064 3166 Ovid.
1080 3111 1113 3165 et
1126 3103 1287 3184 scriptores
1302 3103 1495 3186 posteriores,
1517 3101 1591 3166 Cels.

338 3205 508 3286 frequenter
529 3213 668 3284 usurpet,
702 3211 738 3266 ut
759 3203 836 3264 idem
858 3203 1007 3284 significet
1029 3211 1120 3287 etque
1141 3201 1297 3292 afflipere,
1319 3204 1439 3280 ledere,
1460 3204 1544 3267 velut
1564 3201 1592 3274 l,

337 3307 357 3367 3
378 3324 409 3386 p.
434 3305 482 3378 19,
507 3305 544 3366 13
565 3303 652 3367 dolor
669 3302 844 3388 precordia
865 3304 998 3390 infestat.

419 3403 689 3470 Inhorrescere
709 3405 814 3470 Oelsus
835 3423 917 3486 saepe
940 3405 1046 3480 habet,
1068 3414 1104 3468 ut
1124 3414 1221 3487 poetes
1242 3415 1274 3469 et
1295 3405 1477 3487 posteriores
1498 3403 1592 3485 scrip·

338 3515 431 3570 tores.

419 3604 577 3691 Injuric
598 3605 677 3688 apud
699 3604 819 3668 Celsum
842 3605 863 3666 i.
885 3625 910 3668 s.
933 3625 962 3688 q.
983 3605 1092 3669 vitiem
1105 3605 1257 3690 corporis,
1279 3603 1412 3669 morbus.
1434 3606 1590 3687 lproocm.

339 3727 369 3788 p.
393 3707 442 3780 10,
466 3705 504 3769 19
526 3727 618 3790 eoque
634 3727 694 3792 per
713 3725 744 3768 se
765 3725 824 3768 non
846 3715 944 3780 tantu,
976 3715 1009 3768 ot
1029 3707 1173 3770 convient
1192 3705 1346 3783 morbum,
1378 3715 1478 3770 temen
1503 3705 1592 3769 obro-

337 3807 423 3870 ciem
444 3807 542 3892 mapis
562 3805 633 3870 eliis
653 3806 776 3892 injuriis
797 3827 906 3890 corpses
928 3805 1070 3894 efficiare.
1093 3807 1140 3883 II,
1158 3809 1196 3870 10
1217 3828 1246 3890 p.
1268 3807 1319 3882 54,
1345 3806 1391 3870 19.
1412 3808 1504 3882 VIII,
1518 3808 1538 3868 2
1552 3806 1591 3868 in.
1675 3837 1676 3870 n

338 3909 432 3982 VIII,
454 3907 475 3970 9
496 3928 524 3989 p.
546 3909 618 3984 343,
641 3909 690 3972 10.
733 3907 879 3971 Similiter
910 3907 948 3970 de
981 3907 1069 3972 rebus
1100 3909 1158 3972 hec
1189 3927 1264 3973 vocs
1298 3909 1343 3972 nsi
1367 3917 1439 3971 sunt
1460 3927 1521 3988 erg.
1543 3914 1590 3970 aet.
1675 3921 1676 3936 ¹

338 4009 507 4089 scriptores.
1675 4003 1676 4024 ¹

421 4107 622 4172 Irrrrectere
650 4107 776 4196 (poetes,
797 4106 992 4194 posteriores)
1015 4110 1046 4172 V
1067 4128 1197 4191 prooem.
1219 4129 1322 4174 mones
1342 4108 1499 4172 cedetne
1515 4127 1592 4191 por-
1675 4087 1676 4112 ¹

338 4218 380 4272 tes
401 4209 444 4270 ita
465 4209 583 4272 inrecte
603 4219 689 4286 soret,
719 4218 754 4272 ret
780 4229 818 4274 ec
838 4217 897 4272 loto
918 4209 1060 4294 seperari
1079 4230 1140 4274 nors
1158 4211 1284 4295 possint.
1317 4210 1374 4284 IV,
1398 4211 1412 4272 1
1437 4211 1487 4273 fin.
1521 4207 1591 4279 VII,

340 4309 379 4371 18
402 4329 431 4390 p.
453 4308 523 4384 295,
544 4307 594 4374 27.

421 4409 570 4487 lorido,
591 4431 651 4476 vox
672 4419 829 4494 poetarum
850 4417 883 4474 et
903 4412 1100 4491 posteriorum
1120 4413 1240 4496 script,
1266 4411 1346 4493 apud
1375 4410 1496 4475 Celsum
1517 4406 1591 4501 estis

339 4511 484 4593 frequens.

421 4609 640 4696 Inspicere,
662 4633 722 4678 vox
743 4633 806 4696 erg.
828 4613 945 4691 aetntis,
967 4613 1046 4680 Cels.
1068 4614 1147 4690 Vll,
1168 4607 1210 4677 27
1231 4633 1260 4696 p.
1282 4613 1355 4689 314,
1376 4612 1418 4676 30
1446 4608 1501 4674 Ee
1521 4605 1590 4695 qoi-
