<?xml version="1.0" encoding="UTF-8"?>
<!DOCTYPE html PUBLIC "-//W3C//DTD XHTML 1.0 Transitional//EN"
    "http://www.w3.org/TR/xhtml1/DTD/xhtml1-transitional.dtd">
<html xmlns="http://www.w3.org/1999/xhtml" xml:lang="en" lang="en">
 <head>
  <title>
</title>
<meta http-equiv="Content-Type" content="text/html;charset=utf-8" />
  <meta name='ocr-system' content='tesseract 3.04.00' />
  <meta name='ocr-capabilities' content='ocr_page ocr_carea ocr_par ocr_line ocrx_word'/>
</head>
<body>
  <div class='ocr_page' id='page_1' title='image "./deelocutioneaco00brolgoog_0011.png"; bbox 0 0 3450 5310; ppageno 0'>
   <div class='ocr_carea' id='block_1_1' title="bbox 270 359 1011 422">
    <p class='ocr_par' dir='ltr' id='par_1_1' title="bbox 270 359 1011 422">
     <span class='ocr_line' id='line_1_1' title="bbox 270 359 1011 422; baseline -0.008 0"><span class='ocrx_word' id='word_1_1' title='bbox 270 363 289 422; x_wconf 73' lang='grc'><strong>4</strong></span> <span class='ocrx_word' id='word_1_2' title='bbox 790 359 821 418; x_wconf 76' lang='lat' dir='ltr'><strong>(l.</strong></span> <span class='ocrx_word' id='word_1_3' title='bbox 843 359 878 418; x_wconf 79' lang='grc' dir='ltr'><strong>Δ.</strong></span> <span class='ocrx_word' id='word_1_4' title='bbox 899 359 1011 418; x_wconf 76' lang='lat' dir='ltr'><strong>Broleu.</strong></span> 
     </span>
    </p>
   </div>
   <div class='ocr_carea' id='block_1_2' title="bbox 269 531 1523 4051">
    <p class='ocr_par' dir='ltr' id='par_1_2' title="bbox 269 531 1519 904">
     <span class='ocr_line' id='line_1_2' title="bbox 270 531 1517 618; baseline -0.003 -16"><span class='ocrx_word' id='word_1_5' title='bbox 270 537 403 602; x_wconf 81' lang='lat' dir='ltr'><strong>emioitiu</strong></span> <span class='ocrx_word' id='word_1_6' title='bbox 423 534 531 600; x_wconf 89' lang='lat' dir='ltr'><strong>Lieioii</strong></span> <span class='ocrx_word' id='word_1_7' title='bbox 552 531 655 600; x_wconf 71' lang='lat' dir='ltr'><strong>cressi</strong></span> <span class='ocrx_word' id='word_1_8' title='bbox 676 553 763 598; x_wconf 83' lang='lat' dir='ltr'><strong>usum</strong></span> <span class='ocrx_word' id='word_1_9' title='bbox 778 553 844 598; x_wconf 87' lang='lat' dir='ltr'><strong>esse</strong></span> <span class='ocrx_word' id='word_1_10' title='bbox 864 533 970 600; x_wconf 77' lang='lat' dir='ltr'><strong>Gieero</strong></span> <span class='ocrx_word' id='word_1_11' title='bbox 984 539 1117 598; x_wconf 85' lang='lat' dir='ltr'><strong>testatur</strong></span> <span class='ocrx_word' id='word_1_12' title='bbox 1129 532 1174 618; x_wconf 89' lang='lat'><strong>¹),</strong></span> <span class='ocrx_word' id='word_1_13' title='bbox 1195 541 1228 596; x_wconf 89' lang='lat' dir='ltr'><strong>et</strong></span> <span class='ocrx_word' id='word_1_14' title='bbox 1238 553 1293 618; x_wconf 89' lang='lat' dir='ltr'><strong>per</strong></span> <span class='ocrx_word' id='word_1_15' title='bbox 1306 533 1517 598; x_wconf 84' lang='lat' dir='ltr'><strong>Themisonem</strong></span> 
     </span>
     <span class='ocr_line' id='line_1_3' title="bbox 269 633 1518 718; baseline -0.003 -16"><span class='ocrx_word' id='word_1_16' title='bbox 269 638 398 704; x_wconf 73' lang='lat' dir='ltr'><strong>maxime</strong></span> <span class='ocrx_word' id='word_1_17' title='bbox 419 637 599 700; x_wconf 76' lang='lat' dir='ltr'><strong>medicinam</strong></span> <span class='ocrx_word' id='word_1_18' title='bbox 620 635 701 716; x_wconf 90' lang='lat' dir='ltr'><strong>apud</strong></span> <span class='ocrx_word' id='word_1_19' title='bbox 721 636 878 700; x_wconf 87' lang='lat' dir='ltr'><strong>Romanos</strong></span> <span class='ocrx_word' id='word_1_20' title='bbox 898 634 1068 700; x_wconf 71' lang='lat' dir='ltr'><strong>increvisse.</strong></span> <span class='ocrx_word' id='word_1_21' title='bbox 1110 635 1281 718; x_wconf 85' lang='lat' dir='ltr'><strong>Imperaute</strong></span> <span class='ocrx_word' id='word_1_22' title='bbox 1299 643 1399 700; x_wconf 84' lang='lat' dir='ltr'><strong>autem</strong></span> <span class='ocrx_word' id='word_1_23' title='bbox 1413 633 1518 716; x_wconf 85' lang='lat' dir='ltr'><strong>Augu-</strong></span> 
     </span>
     <span class='ocr_line' id='line_1_4' title="bbox 269 734 1519 802; baseline -0.003 0"><span class='ocrx_word' id='word_1_24' title='bbox 269 750 317 802; x_wconf 90' lang='lat' dir='ltr'><strong>sto</strong></span> <span class='ocrx_word' id='word_1_25' title='bbox 348 740 459 802; x_wconf 88' lang='lat' dir='ltr'><strong>seimus</strong></span> <span class='ocrx_word' id='word_1_26' title='bbox 480 738 602 802; x_wconf 85' lang='lat' dir='ltr'><strong>Greeoos</strong></span> <span class='ocrx_word' id='word_1_27' title='bbox 623 735 755 800; x_wconf 89' lang='lat' dir='ltr'><strong>medioos</strong></span> <span class='ocrx_word' id='word_1_28' title='bbox 777 737 820 800; x_wconf 87' lang='grc' dir='ltr'><strong>Μ.</strong></span> <span class='ocrx_word' id='word_1_29' title='bbox 841 734 998 801; x_wconf 83' lang='lat' dir='ltr'><strong>Artorium</strong></span> <span class='ocrx_word' id='word_1_30' title='bbox 1019 745 1051 799; x_wconf 94' lang='lat' dir='ltr'><strong>et</strong></span> <span class='ocrx_word' id='word_1_31' title='bbox 1071 734 1239 800; x_wconf 81' lang='lat' dir='ltr'><strong>Antonium</strong></span> <span class='ocrx_word' id='word_1_32' title='bbox 1260 737 1380 800; x_wconf 80' lang='lat' dir='ltr'><strong>Musam</strong></span> <span class='ocrx_word' id='word_1_33' title='bbox 1400 755 1519 800; x_wconf 81' lang='lat' dir='ltr'><strong>summa</strong></span> 
     </span>
     <span class='ocr_line' id='line_1_5' title="bbox 269 839 526 904; baseline -0.016 1"><span class='ocrx_word' id='word_1_34' title='bbox 269 841 357 904; x_wconf 81' lang='lat' dir='ltr'><strong>leude</strong></span> <span class='ocrx_word' id='word_1_35' title='bbox 377 839 526 902; x_wconf 88' lang='lat' dir='ltr'><strong>floruisse.</strong></span> 
     </span>
    </p>

    <p class='ocr_par' dir='ltr' id='par_1_3' title="bbox 269 936 1521 1728">
     <span class='ocr_line' id='line_1_6' title="bbox 352 936 1520 1020; baseline -0.002 -16"><span class='ocrx_word' id='word_1_36' title='bbox 352 939 459 1005; x_wconf 79' lang='lat' dir='ltr'><strong>Celsus</strong></span> <span class='ocrx_word' id='word_1_37' title='bbox 491 947 592 1002; x_wconf 88' lang='lat' dir='ltr'><strong>autem</strong></span> <span class='ocrx_word' id='word_1_38' title='bbox 623 937 739 1020; x_wconf 84' lang='lat' dir='ltr'><strong>primus</strong></span> <span class='ocrx_word' id='word_1_39' title='bbox 769 937 950 1002; x_wconf 76' lang='lat' dir='ltr'><strong>medicinam</strong></span> <span class='ocrx_word' id='word_1_40' title='bbox 978 937 1080 1001; x_wconf 84' lang='lat' dir='ltr'><strong>latinis</strong></span> <span class='ocrx_word' id='word_1_41' title='bbox 1101 936 1211 1002; x_wconf 88' lang='lat' dir='ltr'><strong>litteris</strong></span> <span class='ocrx_word' id='word_1_42' title='bbox 1233 945 1367 1002; x_wconf 87' lang='lat' dir='ltr'><strong>traetare</strong></span> <span class='ocrx_word' id='word_1_43' title='bbox 1388 937 1520 1002; x_wconf 91' lang='lat' dir='ltr'><strong>instituit</strong></span> 
     </span>
     <span class='ocr_line' id='line_1_7' title="bbox 269 1037 1519 1125; baseline -0.002 -20"><span class='ocrx_word' id='word_1_44' title='bbox 269 1062 362 1125; x_wconf 80' lang='lat' dir='ltr'><strong>enque</strong></span> <span class='ocrx_word' id='word_1_45' title='bbox 384 1041 477 1104; x_wconf 81' lang='lat' dir='ltr'><strong>latios</strong></span> <span class='ocrx_word' id='word_1_46' title='bbox 509 1058 670 1122; x_wconf 83' lang='lat' dir='ltr'><strong>exponere,</strong></span> <span class='ocrx_word' id='word_1_47' title='bbox 691 1057 758 1122; x_wconf 81' lang='lat' dir='ltr'><strong>quae</strong></span> <span class='ocrx_word' id='word_1_48' title='bbox 785 1059 805 1102; x_wconf 91' lang='lat' dir='ltr'><strong>a</strong></span> <span class='ocrx_word' id='word_1_49' title='bbox 831 1037 946 1102; x_wconf 77' lang='lat' dir='ltr'><strong>Grauis</strong></span> <span class='ocrx_word' id='word_1_50' title='bbox 966 1047 1053 1102; x_wconf 83' lang='lat' dir='ltr'><strong>erant</strong></span> <span class='ocrx_word' id='word_1_51' title='bbox 1073 1039 1104 1100; x_wconf 91' lang='lat' dir='ltr'><strong>iu</strong></span> <span class='ocrx_word' id='word_1_52' title='bbox 1127 1039 1185 1102; x_wconf 85' lang='lat' dir='ltr'><strong>hae</strong></span> <span class='ocrx_word' id='word_1_53' title='bbox 1205 1047 1270 1104; x_wconf 86' lang='lat' dir='ltr'><strong>arte</strong></span> <span class='ocrx_word' id='word_1_54' title='bbox 1290 1039 1430 1114; x_wconf 85' lang='lat' dir='ltr'><strong>inventa,</strong></span> <span class='ocrx_word' id='word_1_55' title='bbox 1462 1058 1519 1120; x_wconf 93' lang='lat' dir='ltr'><strong>quo</strong></span> 
     </span>
     <span class='ocr_line' id='line_1_8' title="bbox 270 1139 1519 1222; baseline -0.002 -16"><span class='ocrx_word' id='word_1_56' title='bbox 270 1143 386 1206; x_wconf 87' lang='lat' dir='ltr'><strong>laoilius</strong></span> <span class='ocrx_word' id='word_1_57' title='bbox 407 1151 439 1206; x_wconf 90' lang='lat' dir='ltr'><strong>et</strong></span> <span class='ocrx_word' id='word_1_58' title='bbox 459 1141 576 1222; x_wconf 81' lang='lat' dir='ltr'><strong>plenius</strong></span> <span class='ocrx_word' id='word_1_59' title='bbox 596 1139 796 1220; x_wconf 77' lang='lat' dir='ltr'><strong>intelligerent</strong></span> <span class='ocrx_word' id='word_1_60' title='bbox 816 1139 990 1222; x_wconf 80' lang='lat' dir='ltr'><strong>populares,</strong></span> <span class='ocrx_word' id='word_1_61' title='bbox 1021 1139 1122 1222; x_wconf 85' lang='lat' dir='ltr'><strong>qualia</strong></span> <span class='ocrx_word' id='word_1_62' title='bbox 1152 1149 1254 1204; x_wconf 88' lang='lat' dir='ltr'><strong>essent</strong></span> <span class='ocrx_word' id='word_1_63' title='bbox 1284 1160 1322 1204; x_wconf 86' lang='lat' dir='ltr'><strong>ea</strong></span> <span class='ocrx_word' id='word_1_64' title='bbox 1348 1148 1519 1222; x_wconf 86' lang='lat' dir='ltr'><strong>quantoque</strong></span> 
     </span>
     <span class='ocr_line' id='line_1_9' title="bbox 270 1239 1520 1324; baseline -0.002 -20"><span class='ocrx_word' id='word_1_65' title='bbox 270 1244 363 1307; x_wconf 91' lang='lat' dir='ltr'><strong>veteri</strong></span> <span class='ocrx_word' id='word_1_66' title='bbox 384 1242 428 1306; x_wconf 93' lang='lat' dir='ltr'><strong>illi</strong></span> <span class='ocrx_word' id='word_1_67' title='bbox 449 1241 655 1324; x_wconf 79' lang='lat' dir='ltr'><strong>superstitioni</strong></span> <span class='ocrx_word' id='word_1_68' title='bbox 671 1247 858 1322; x_wconf 78' lang='lat' dir='ltr'><strong>praestarent.</strong></span> <span class='ocrx_word' id='word_1_69' title='bbox 901 1241 944 1303; x_wconf 83' lang='lat' dir='ltr'><strong>Et</strong></span> <span class='ocrx_word' id='word_1_70' title='bbox 963 1240 1033 1304; x_wconf 87' lang='lat' dir='ltr'><strong>lieet</strong></span> <span class='ocrx_word' id='word_1_71' title='bbox 1053 1240 1085 1302; x_wconf 92' lang='lat' dir='ltr'><strong>in</strong></span> <span class='ocrx_word' id='word_1_72' title='bbox 1107 1241 1164 1304; x_wconf 84' lang='lat' dir='ltr'><strong>hee</strong></span> <span class='ocrx_word' id='word_1_73' title='bbox 1185 1261 1217 1304; x_wconf 91' lang='lat' dir='ltr'><strong>re</strong></span> <span class='ocrx_word' id='word_1_74' title='bbox 1238 1241 1358 1306; x_wconf 79' lang='lat' dir='ltr'><strong>Celsum</strong></span> <span class='ocrx_word' id='word_1_75' title='bbox 1379 1261 1446 1306; x_wconf 87' lang='lat' dir='ltr'><strong>oum</strong></span> <span class='ocrx_word' id='word_1_76' title='bbox 1466 1239 1520 1304; x_wconf 84' lang='lat' dir='ltr'><strong>Gi·</strong></span> 
     </span>
     <span class='ocr_line' id='line_1_10' title="bbox 269 1340 1519 1428; baseline -0.003 -20"><span class='ocrx_word' id='word_1_77' title='bbox 269 1364 375 1408; x_wconf 89' lang='lat' dir='ltr'><strong>eerone</strong></span> <span class='ocrx_word' id='word_1_78' title='bbox 396 1361 586 1424; x_wconf 80' lang='lat' dir='ltr'><strong>comparere,</strong></span> <span class='ocrx_word' id='word_1_79' title='bbox 607 1361 698 1424; x_wconf 89' lang='lat' dir='ltr'><strong>quum</strong></span> <span class='ocrx_word' id='word_1_80' title='bbox 719 1341 750 1404; x_wconf 90' lang='lat' dir='ltr'><strong>in</strong></span> <span class='ocrx_word' id='word_1_81' title='bbox 772 1341 921 1428; x_wconf 85' lang='lat' dir='ltr'><strong>medicina</strong></span> <span class='ocrx_word' id='word_1_82' title='bbox 941 1340 1020 1404; x_wconf 88' lang='lat' dir='ltr'><strong>idem</strong></span> <span class='ocrx_word' id='word_1_83' title='bbox 1042 1341 1091 1404; x_wconf 89' lang='lat' dir='ltr'><strong>hio</strong></span> <span class='ocrx_word' id='word_1_84' title='bbox 1113 1341 1203 1406; x_wconf 89' lang='lat' dir='ltr'><strong>vellet</strong></span> <span class='ocrx_word' id='word_1_85' title='bbox 1224 1343 1354 1417; x_wconf 82' lang='lat' dir='ltr'><strong>effluere,</strong></span> <span class='ocrx_word' id='word_1_86' title='bbox 1375 1342 1454 1424; x_wconf 93' lang='lat' dir='ltr'><strong>quod</strong></span> <span class='ocrx_word' id='word_1_87' title='bbox 1469 1342 1519 1404; x_wconf 89' lang='lat' dir='ltr'><strong>ille</strong></span> 
     </span>
     <span class='ocr_line' id='line_1_11' title="bbox 269 1440 1521 1526; baseline -0.003 -18"><span class='ocrx_word' id='word_1_88' title='bbox 269 1446 299 1508; x_wconf 93' lang='lat' dir='ltr'><strong>in</strong></span> <span class='ocrx_word' id='word_1_89' title='bbox 321 1443 521 1526; x_wconf 90' lang='lat' dir='ltr'><strong>philosophia.</strong></span> <span class='ocrx_word' id='word_1_90' title='bbox 563 1443 697 1524; x_wconf 84' lang='lat' dir='ltr'><strong>Uterque</strong></span> <span class='ocrx_word' id='word_1_91' title='bbox 718 1441 799 1504; x_wconf 91' lang='lat' dir='ltr'><strong>enim</strong></span> <span class='ocrx_word' id='word_1_92' title='bbox 820 1461 929 1504; x_wconf 84' lang='lat' dir='ltr'><strong>novam</strong></span> <span class='ocrx_word' id='word_1_93' title='bbox 951 1448 1048 1506; x_wconf 86' lang='lat' dir='ltr'><strong>artem</strong></span> <span class='ocrx_word' id='word_1_94' title='bbox 1063 1441 1166 1506; x_wconf 85' lang='lat' dir='ltr'><strong>latinis</strong></span> <span class='ocrx_word' id='word_1_95' title='bbox 1181 1443 1290 1508; x_wconf 86' lang='lat' dir='ltr'><strong>litteris</strong></span> <span class='ocrx_word' id='word_1_96' title='bbox 1303 1440 1417 1525; x_wconf 77' lang='lat' dir='ltr'><strong>primus</strong></span> <span class='ocrx_word' id='word_1_97' title='bbox 1432 1462 1521 1506; x_wconf 86' lang='lat' dir='ltr'><strong>ruan-</strong></span> 
     </span>
     <span class='ocr_line' id='line_1_12' title="bbox 270 1542 1521 1626; baseline -0.002 -18"><span class='ocrx_word' id='word_1_98' title='bbox 270 1545 371 1619; x_wconf 88' lang='lat' dir='ltr'><strong>davit,</strong></span> <span class='ocrx_word' id='word_1_99' title='bbox 403 1543 519 1626; x_wconf 85' lang='lat' dir='ltr'><strong>utrique</strong></span> <span class='ocrx_word' id='word_1_100' title='bbox 541 1543 572 1606; x_wconf 89' lang='lat' dir='ltr'><strong>id</strong></span> <span class='ocrx_word' id='word_1_101' title='bbox 593 1549 661 1606; x_wconf 88' lang='lat' dir='ltr'><strong>eret</strong></span> <span class='ocrx_word' id='word_1_102' title='bbox 681 1542 884 1624; x_wconf 87' lang='lat' dir='ltr'><strong>propositum,</strong></span> <span class='ocrx_word' id='word_1_103' title='bbox 916 1551 950 1606; x_wconf 89' lang='lat' dir='ltr'><strong>ut</strong></span> <span class='ocrx_word' id='word_1_104' title='bbox 974 1542 1148 1607; x_wconf 78' lang='lat' dir='ltr'><strong>Graecorum</strong></span> <span class='ocrx_word' id='word_1_105' title='bbox 1170 1543 1295 1608; x_wconf 87' lang='lat' dir='ltr'><strong>iuventa</strong></span> <span class='ocrx_word' id='word_1_106' title='bbox 1316 1543 1444 1608; x_wconf 83' lang='lat' dir='ltr'><strong>dilucide</strong></span> <span class='ocrx_word' id='word_1_107' title='bbox 1466 1563 1521 1606; x_wconf 85' lang='lat' dir='ltr'><strong>ex-</strong></span> 
     </span>
     <span class='ocr_line' id='line_1_13' title="bbox 271 1643 1069 1728; baseline -0.005 -18"><span class='ocrx_word' id='word_1_108' title='bbox 271 1655 395 1728; x_wconf 89' lang='lat' dir='ltr'><strong>poneret</strong></span> <span class='ocrx_word' id='word_1_109' title='bbox 416 1654 448 1708; x_wconf 87' lang='lat' dir='ltr'><strong>et</strong></span> <span class='ocrx_word' id='word_1_110' title='bbox 468 1645 528 1718; x_wconf 85' lang='lat' dir='ltr'><strong>ita,</strong></span> <span class='ocrx_word' id='word_1_111' title='bbox 550 1653 584 1707; x_wconf 89' lang='lat' dir='ltr'><strong>ut</strong></span> <span class='ocrx_word' id='word_1_112' title='bbox 606 1643 645 1706; x_wconf 87' lang='lat' dir='ltr'><strong>ab</strong></span> <span class='ocrx_word' id='word_1_113' title='bbox 667 1643 804 1706; x_wconf 88' lang='lat' dir='ltr'><strong>omnibus</strong></span> <span class='ocrx_word' id='word_1_114' title='bbox 825 1643 1069 1726; x_wconf 83' lang='lat' dir='ltr'><strong>intelligerentur.</strong></span> 
     </span>
    </p>

    <p class='ocr_par' dir='ltr' id='par_1_4' title="bbox 269 1720 1523 4051">
     <span class='ocr_line' id='line_1_14' title="bbox 353 1720 1521 1827; baseline -0.003 -16"><span class='ocrx_word' id='word_1_115' title='bbox 353 1745 468 1811; x_wconf 80' lang='lat' dir='ltr'><strong>Graeeis</strong></span> <span class='ocrx_word' id='word_1_116' title='bbox 482 1745 571 1826; x_wconf 86' lang='lat' dir='ltr'><strong>igitur</strong></span> <span class='ocrx_word' id='word_1_117' title='bbox 584 1720 806 1826; x_wconf 76' lang='lat' dir='ltr'><strong>exemplaribui</strong></span> <span class='ocrx_word' id='word_1_118' title='bbox 827 1743 932 1808; x_wconf 84' lang='lat' dir='ltr'><strong>Celsus</strong></span> <span class='ocrx_word' id='word_1_119' title='bbox 953 1764 1025 1808; x_wconf 90' lang='lat' dir='ltr'><strong>usus</strong></span> <span class='ocrx_word' id='word_1_120' title='bbox 1047 1751 1094 1808; x_wconf 87' lang='lat' dir='ltr'><strong>est</strong></span> <span class='ocrx_word' id='word_1_121' title='bbox 1115 1751 1147 1808; x_wconf 91' lang='lat' dir='ltr'><strong>et</strong></span> <span class='ocrx_word' id='word_1_122' title='bbox 1167 1765 1206 1808; x_wconf 85' lang='lat' dir='ltr'><strong>ex</strong></span> <span class='ocrx_word' id='word_1_123' title='bbox 1226 1745 1262 1808; x_wconf 92' lang='lat' dir='ltr'><strong>iis</strong></span> <span class='ocrx_word' id='word_1_124' title='bbox 1284 1764 1321 1808; x_wconf 91' lang='lat' dir='ltr'><strong>ea</strong></span> <span class='ocrx_word' id='word_1_125' title='bbox 1335 1743 1434 1826; x_wconf 88' lang='lat' dir='ltr'><strong>elegit,</strong></span> <span class='ocrx_word' id='word_1_126' title='bbox 1456 1764 1521 1827; x_wconf 85' lang='lat' dir='ltr'><strong>quae</strong></span> 
     </span>
     <span class='ocr_line' id='line_1_15' title="bbox 270 1845 1522 1928; baseline -0.002 -18"><span class='ocrx_word' id='word_1_127' title='bbox 270 1847 432 1910; x_wconf 84' lang='lat' dir='ltr'><strong>maximam</strong></span> <span class='ocrx_word' id='word_1_128' title='bbox 464 1846 579 1910; x_wconf 84' lang='lat' dir='ltr'><strong>civibus</strong></span> <span class='ocrx_word' id='word_1_129' title='bbox 610 1845 773 1909; x_wconf 83' lang='lat' dir='ltr'><strong>utilitatem</strong></span> <span class='ocrx_word' id='word_1_130' title='bbox 806 1845 938 1908; x_wconf 85' lang='lat' dir='ltr'><strong>allatura</strong></span> <span class='ocrx_word' id='word_1_131' title='bbox 969 1865 1034 1908; x_wconf 90' lang='lat' dir='ltr'><strong>esse</strong></span> <span class='ocrx_word' id='word_1_132' title='bbox 1065 1846 1204 1926; x_wconf 87' lang='lat' dir='ltr'><strong>putebat.</strong></span> <span class='ocrx_word' id='word_1_133' title='bbox 1246 1847 1353 1928; x_wconf 89' lang='lat' dir='ltr'><strong>Neque</strong></span> <span class='ocrx_word' id='word_1_134' title='bbox 1375 1855 1474 1909; x_wconf 87' lang='lat' dir='ltr'><strong>tamen</strong></span> <span class='ocrx_word' id='word_1_135' title='bbox 1495 1845 1522 1908; x_wconf 90' lang='lat' dir='ltr'><strong>si</strong></span> 
     </span>
     <span class='ocr_line' id='line_1_16' title="bbox 270 1945 1523 2030; baseline -0.002 -18"><span class='ocrx_word' id='word_1_136' title='bbox 270 1949 344 2012; x_wconf 88' lang='lat' dir='ltr'><strong>alios</strong></span> <span class='ocrx_word' id='word_1_137' title='bbox 364 1955 485 2012; x_wconf 88' lang='lat' dir='ltr'><strong>seeutns</strong></span> <span class='ocrx_word' id='word_1_138' title='bbox 506 1955 553 2010; x_wconf 85' lang='lat' dir='ltr'><strong>est</strong></span> <span class='ocrx_word' id='word_1_139' title='bbox 575 1965 668 2028; x_wconf 91' lang='lat' dir='ltr'><strong>eaque</strong></span> <span class='ocrx_word' id='word_1_140' title='bbox 689 1947 859 2028; x_wconf 87' lang='lat' dir='ltr'><strong>proposuit,</strong></span> <span class='ocrx_word' id='word_1_141' title='bbox 891 1965 958 2028; x_wconf 81' lang='lat' dir='ltr'><strong>quoe</strong></span> <span class='ocrx_word' id='word_1_142' title='bbox 983 1946 1063 2027; x_wconf 90' lang='lat' dir='ltr'><strong>apud</strong></span> <span class='ocrx_word' id='word_1_143' title='bbox 1085 1946 1159 2008; x_wconf 86' lang='lat' dir='ltr'><strong>ulios</strong></span> <span class='ocrx_word' id='word_1_144' title='bbox 1180 1945 1311 2020; x_wconf 84' lang='lat' dir='ltr'><strong>invenit,</strong></span> <span class='ocrx_word' id='word_1_145' title='bbox 1343 1947 1411 2010; x_wconf 87' lang='lat' dir='ltr'><strong>ideo</strong></span> <span class='ocrx_word' id='word_1_146' title='bbox 1433 1947 1523 2030; x_wconf 91' lang='lat' dir='ltr'><strong>quid-</strong></span> 
     </span>
     <span class='ocr_line' id='line_1_17' title="bbox 270 2043 1521 2134; baseline -0.003 -20"><span class='ocrx_word' id='word_1_147' title='bbox 270 2069 359 2134; x_wconf 84' lang='lat' dir='ltr'><strong>quam</strong></span> <span class='ocrx_word' id='word_1_148' title='bbox 380 2047 500 2111; x_wconf 88' lang='lat' dir='ltr'><strong>videtur</strong></span> <span class='ocrx_word' id='word_1_149' title='bbox 521 2048 557 2110; x_wconf 92' lang='lat' dir='ltr'><strong>de</strong></span> <span class='ocrx_word' id='word_1_150' title='bbox 580 2045 667 2110; x_wconf 83' lang='lat' dir='ltr'><strong>leude</strong></span> <span class='ocrx_word' id='word_1_151' title='bbox 690 2045 755 2128; x_wconf 90' lang='lat' dir='ltr'><strong>ejus</strong></span> <span class='ocrx_word' id='word_1_152' title='bbox 777 2065 843 2110; x_wconf 91' lang='lat' dir='ltr'><strong>esse</strong></span> <span class='ocrx_word' id='word_1_153' title='bbox 866 2045 1090 2110; x_wconf 78' lang='lat' dir='ltr'><strong>deuehendum.</strong></span> <span class='ocrx_word' id='word_1_154' title='bbox 1135 2043 1237 2118; x_wconf 80' lang='lat' dir='ltr'><strong>Quum</strong></span> <span class='ocrx_word' id='word_1_155' title='bbox 1263 2048 1341 2112; x_wconf 90' lang='lat' dir='ltr'><strong>enim</strong></span> <span class='ocrx_word' id='word_1_156' title='bbox 1364 2047 1438 2112; x_wconf 89' lang='lat' dir='ltr'><strong>nibil</strong></span> <span class='ocrx_word' id='word_1_157' title='bbox 1460 2049 1521 2110; x_wconf 84' lang='lat' dir='ltr'><strong>fere</strong></span> 
     </span>
     <span class='ocr_line' id='line_1_18' title="bbox 270 2146 1522 2226; baseline 0 -14"><span class='ocrx_word' id='word_1_158' title='bbox 270 2157 351 2212; x_wconf 90' lang='lat' dir='ltr'><strong>esset</strong></span> <span class='ocrx_word' id='word_1_159' title='bbox 371 2169 390 2212; x_wconf 85' lang='lat' dir='ltr'><strong>e</strong></span> <span class='ocrx_word' id='word_1_160' title='bbox 410 2147 556 2212; x_wconf 87' lang='lat' dir='ltr'><strong>Romanis</strong></span> <span class='ocrx_word' id='word_1_161' title='bbox 576 2147 608 2210; x_wconf 92' lang='lat' dir='ltr'><strong>in</strong></span> <span class='ocrx_word' id='word_1_162' title='bbox 630 2146 781 2210; x_wconf 82' lang='lat' dir='ltr'><strong>medisina</strong></span> <span class='ocrx_word' id='word_1_163' title='bbox 811 2148 964 2222; x_wconf 83' lang='lat' dir='ltr'><strong>effectum,</strong></span> <span class='ocrx_word' id='word_1_164' title='bbox 996 2147 1023 2210; x_wconf 92' lang='lat' dir='ltr'><strong>ei</strong></span> <span class='ocrx_word' id='word_1_165' title='bbox 1051 2167 1172 2210; x_wconf 86' lang='lat' dir='ltr'><strong>necesse</strong></span> <span class='ocrx_word' id='word_1_166' title='bbox 1198 2158 1266 2211; x_wconf 88' lang='lat' dir='ltr'><strong>erat</strong></span> <span class='ocrx_word' id='word_1_167' title='bbox 1293 2168 1329 2212; x_wconf 89' lang='lat' dir='ltr'><strong>ea</strong></span> <span class='ocrx_word' id='word_1_168' title='bbox 1357 2167 1522 2226; x_wconf 85' lang='lat' dir='ltr'><strong>assumere,</strong></span> 
     </span>
     <span class='ocr_line' id='line_1_19' title="bbox 270 2247 1522 2332; baseline 0 -20"><span class='ocrx_word' id='word_1_169' title='bbox 270 2271 335 2332; x_wconf 84' lang='lat' dir='ltr'><strong>quae</strong></span> <span class='ocrx_word' id='word_1_170' title='bbox 355 2249 436 2331; x_wconf 91' lang='lat' dir='ltr'><strong>apud</strong></span> <span class='ocrx_word' id='word_1_171' title='bbox 458 2247 581 2312; x_wconf 85' lang='lat' dir='ltr'><strong>Graeuos</strong></span> <span class='ocrx_word' id='word_1_172' title='bbox 603 2247 740 2329; x_wconf 87' lang='lat' dir='ltr'><strong>expositu</strong></span> <span class='ocrx_word' id='word_1_173' title='bbox 760 2247 892 2324; x_wconf 81' lang='lat' dir='ltr'><strong>invenit3</strong></span> <span class='ocrx_word' id='word_1_174' title='bbox 912 2255 976 2312; x_wconf 89' lang='lat' dir='ltr'><strong>tum</strong></span> <span class='ocrx_word' id='word_1_175' title='bbox 999 2267 1071 2312; x_wconf 89' lang='lat' dir='ltr'><strong>vero</strong></span> <span class='ocrx_word' id='word_1_176' title='bbox 1092 2247 1137 2312; x_wconf 86' lang='lat' dir='ltr'><strong>ita</strong></span> <span class='ocrx_word' id='word_1_177' title='bbox 1158 2249 1207 2312; x_wconf 91' lang='lat' dir='ltr'><strong>ille</strong></span> <span class='ocrx_word' id='word_1_178' title='bbox 1228 2248 1304 2314; x_wconf 88' lang='lat' dir='ltr'><strong>elios</strong></span> <span class='ocrx_word' id='word_1_179' title='bbox 1325 2257 1446 2314; x_wconf 88' lang='lat' dir='ltr'><strong>seeutus</strong></span> <span class='ocrx_word' id='word_1_180' title='bbox 1460 2259 1522 2325; x_wconf 86' lang='lat' dir='ltr'><strong>est,</strong></span> 
     </span>
     <span class='ocr_line' id='line_1_20' title="bbox 270 2347 1523 2432; baseline -0.002 -18"><span class='ocrx_word' id='word_1_181' title='bbox 270 2361 304 2416; x_wconf 88' lang='lat' dir='ltr'><strong>ut</strong></span> <span class='ocrx_word' id='word_1_182' title='bbox 324 2370 378 2413; x_wconf 90' lang='lat' dir='ltr'><strong>suo</strong></span> <span class='ocrx_word' id='word_1_183' title='bbox 399 2350 480 2412; x_wconf 89' lang='lat' dir='ltr'><strong>idem</strong></span> <span class='ocrx_word' id='word_1_184' title='bbox 502 2349 611 2430; x_wconf 84' lang='lat' dir='ltr'><strong>judicio</strong></span> <span class='ocrx_word' id='word_1_185' title='bbox 631 2355 736 2412; x_wconf 89' lang='lat' dir='ltr'><strong>staret.</strong></span> <span class='ocrx_word' id='word_1_186' title='bbox 778 2348 859 2412; x_wconf 87' lang='lat' dir='ltr'><strong>Nem</strong></span> <span class='ocrx_word' id='word_1_187' title='bbox 880 2369 971 2431; x_wconf 89' lang='lat' dir='ltr'><strong>quum</strong></span> <span class='ocrx_word' id='word_1_188' title='bbox 993 2369 1032 2412; x_wconf 87' lang='lat' dir='ltr'><strong>ex</strong></span> <span class='ocrx_word' id='word_1_189' title='bbox 1052 2347 1202 2414; x_wconf 85' lang='lat' dir='ltr'><strong>uberrimo</strong></span> <span class='ocrx_word' id='word_1_190' title='bbox 1222 2349 1290 2426; x_wconf 90' lang='lat' dir='ltr'><strong>illa,</strong></span> <span class='ocrx_word' id='word_1_191' title='bbox 1311 2370 1376 2432; x_wconf 84' lang='lat' dir='ltr'><strong>quae</strong></span> <span class='ocrx_word' id='word_1_192' title='bbox 1398 2347 1523 2415; x_wconf 78' lang='lat' dir='ltr'><strong>Graeoo-</strong></span> 
     </span>
     <span class='ocr_line' id='line_1_21' title="bbox 269 2448 1523 2534; baseline 0 -20"><span class='ocrx_word' id='word_1_193' title='bbox 269 2471 334 2514; x_wconf 91' lang='lat' dir='ltr'><strong>rum</strong></span> <span class='ocrx_word' id='word_1_194' title='bbox 357 2459 439 2525; x_wconf 89' lang='lat' dir='ltr'><strong>erat,</strong></span> <span class='ocrx_word' id='word_1_195' title='bbox 471 2451 558 2532; x_wconf 88' lang='lat' dir='ltr'><strong>copia</strong></span> <span class='ocrx_word' id='word_1_196' title='bbox 579 2469 616 2513; x_wconf 85' lang='lat' dir='ltr'><strong>ea</strong></span> <span class='ocrx_word' id='word_1_197' title='bbox 637 2457 740 2512; x_wconf 91' lang='lat' dir='ltr'><strong>esseut</strong></span> <span class='ocrx_word' id='word_1_198' title='bbox 761 2448 910 2530; x_wconf 86' lang='lat' dir='ltr'><strong>eligenda,</strong></span> <span class='ocrx_word' id='word_1_199' title='bbox 942 2469 1008 2534; x_wconf 85' lang='lat' dir='ltr'><strong>quae</strong></span> <span class='ocrx_word' id='word_1_200' title='bbox 1030 2449 1153 2512; x_wconf 83' lang='lat' dir='ltr'><strong>maximi</strong></span> <span class='ocrx_word' id='word_1_201' title='bbox 1175 2452 1317 2514; x_wconf 90' lang='lat' dir='ltr'><strong>momenti</strong></span> <span class='ocrx_word' id='word_1_202' title='bbox 1338 2450 1457 2534; x_wconf 89' lang='lat' dir='ltr'><strong>verique</strong></span> <span class='ocrx_word' id='word_1_203' title='bbox 1478 2451 1523 2514; x_wconf 89' lang='lat' dir='ltr'><strong>si·</strong></span> 
     </span>
     <span class='ocr_line' id='line_1_22' title="bbox 270 2549 1523 2635; baseline -0.001 -20"><span class='ocrx_word' id='word_1_204' title='bbox 270 2552 394 2616; x_wconf 87' lang='lat' dir='ltr'><strong>millima</strong></span> <span class='ocrx_word' id='word_1_205' title='bbox 424 2571 489 2614; x_wconf 90' lang='lat' dir='ltr'><strong>esse</strong></span> <span class='ocrx_word' id='word_1_206' title='bbox 522 2551 707 2628; x_wconf 87' lang='lat' dir='ltr'><strong>viderentur,</strong></span> <span class='ocrx_word' id='word_1_207' title='bbox 738 2549 769 2612; x_wconf 89' lang='lat' dir='ltr'><strong>in</strong></span> <span class='ocrx_word' id='word_1_208' title='bbox 798 2550 855 2614; x_wconf 87' lang='lat' dir='ltr'><strong>beo</strong></span> <span class='ocrx_word' id='word_1_209' title='bbox 876 2570 907 2612; x_wconf 91' lang='lat' dir='ltr'><strong>re</strong></span> <span class='ocrx_word' id='word_1_210' title='bbox 929 2558 1017 2614; x_wconf 82' lang='lat' dir='ltr'><strong>tenta</strong></span> <span class='ocrx_word' id='word_1_211' title='bbox 1038 2551 1175 2616; x_wconf 81' lang='lat' dir='ltr'><strong>doctrina</strong></span> <span class='ocrx_word' id='word_1_212' title='bbox 1196 2560 1340 2635; x_wconf 88' lang='lat' dir='ltr'><strong>tantaque</strong></span> <span class='ocrx_word' id='word_1_213' title='bbox 1362 2552 1523 2634; x_wconf 90' lang='lat' dir='ltr'><strong>prudentia</strong></span> 
     </span>
     <span class='ocr_line' id='line_1_23' title="bbox 269 2650 1523 2736; baseline 0 -20"><span class='ocrx_word' id='word_1_214' title='bbox 269 2653 381 2728; x_wconf 87' lang='lat' dir='ltr'><strong>utitur,</strong></span> <span class='ocrx_word' id='word_1_215' title='bbox 412 2661 447 2715; x_wconf 91' lang='lat' dir='ltr'><strong>ut</strong></span> <span class='ocrx_word' id='word_1_216' title='bbox 471 2659 616 2735; x_wconf 76' lang='lat' dir='ltr'><strong>appareat</strong></span> <span class='ocrx_word' id='word_1_217' title='bbox 641 2652 673 2714; x_wconf 92' lang='lat' dir='ltr'><strong>iu</strong></span> <span class='ocrx_word' id='word_1_218' title='bbox 698 2670 733 2714; x_wconf 89' lang='lat' dir='ltr'><strong>eo</strong></span> <span class='ocrx_word' id='word_1_219' title='bbox 755 2650 847 2715; x_wconf 86' lang='lat' dir='ltr'><strong>fuisse</strong></span> <span class='ocrx_word' id='word_1_220' title='bbox 869 2669 928 2714; x_wconf 92' lang='lat' dir='ltr'><strong>non</strong></span> <span class='ocrx_word' id='word_1_221' title='bbox 949 2651 1045 2714; x_wconf 91' lang='lat' dir='ltr'><strong>solnm</strong></span> <span class='ocrx_word' id='word_1_222' title='bbox 1068 2671 1183 2726; x_wconf 91' lang='lat' dir='ltr'><strong>eorum,</strong></span> <span class='ocrx_word' id='word_1_223' title='bbox 1215 2673 1280 2736; x_wconf 82' lang='lat' dir='ltr'><strong>quae</strong></span> <span class='ocrx_word' id='word_1_224' title='bbox 1301 2674 1320 2716; x_wconf 89' lang='lat' dir='ltr'><strong>a</strong></span> <span class='ocrx_word' id='word_1_225' title='bbox 1342 2651 1457 2716; x_wconf 87' lang='lat' dir='ltr'><strong>Grseois</strong></span> <span class='ocrx_word' id='word_1_226' title='bbox 1478 2654 1523 2716; x_wconf 89' lang='lat' dir='ltr'><strong>el-</strong></span> 
     </span>
     <span class='ocr_line' id='line_1_24' title="bbox 270 2749 1523 2834; baseline 0.002 -18"><span class='ocrx_word' id='word_1_227' title='bbox 270 2756 352 2817; x_wconf 88' lang='lat' dir='ltr'><strong>feeta</strong></span> <span class='ocrx_word' id='word_1_228' title='bbox 383 2764 485 2828; x_wconf 85' lang='lat' dir='ltr'><strong>erent,</strong></span> <span class='ocrx_word' id='word_1_229' title='bbox 518 2759 692 2816; x_wconf 85' lang='lat' dir='ltr'><strong>uoeurutem</strong></span> <span class='ocrx_word' id='word_1_230' title='bbox 724 2749 939 2834; x_wconf 79' lang='lat' dir='ltr'><strong>cognitionem,</strong></span> <span class='ocrx_word' id='word_1_231' title='bbox 971 2754 1024 2816; x_wconf 87' lang='lat' dir='ltr'><strong>sed</strong></span> <span class='ocrx_word' id='word_1_232' title='bbox 1057 2753 1148 2816; x_wconf 86' lang='lat' dir='ltr'><strong>etiam</strong></span> <span class='ocrx_word' id='word_1_233' title='bbox 1180 2754 1337 2818; x_wconf 86' lang='lat' dir='ltr'><strong>seientiam</strong></span> <span class='ocrx_word' id='word_1_234' title='bbox 1370 2754 1523 2818; x_wconf 84' lang='lat' dir='ltr'><strong>medieiuae</strong></span> 
     </span>
     <span class='ocr_line' id='line_1_25' title="bbox 269 2851 1522 2936; baseline 0 -19"><span class='ocrx_word' id='word_1_235' title='bbox 269 2855 389 2918; x_wconf 81' lang='lat' dir='ltr'><strong>aliunde</strong></span> <span class='ocrx_word' id='word_1_236' title='bbox 420 2862 627 2936; x_wconf 81' lang='lat' dir='ltr'><strong>comparatam</strong></span> <span class='ocrx_word' id='word_1_237' title='bbox 648 2851 782 2936; x_wconf 83' lang='lat' dir='ltr'><strong>setisque</strong></span> <span class='ocrx_word' id='word_1_238' title='bbox 802 2853 919 2916; x_wconf 84' lang='lat' dir='ltr'><strong>firmum</strong></span> <span class='ocrx_word' id='word_1_239' title='bbox 941 2853 977 2916; x_wconf 93' lang='lat' dir='ltr'><strong>de</strong></span> <span class='ocrx_word' id='word_1_240' title='bbox 999 2852 1054 2928; x_wconf 89' lang='lat' dir='ltr'><strong>iis,</strong></span> <span class='ocrx_word' id='word_1_241' title='bbox 1086 2873 1153 2936; x_wconf 80' lang='lat' dir='ltr'><strong>quae</strong></span> <span class='ocrx_word' id='word_1_242' title='bbox 1175 2855 1214 2916; x_wconf 91' lang='lat' dir='ltr'><strong>ad</strong></span> <span class='ocrx_word' id='word_1_243' title='bbox 1236 2853 1314 2918; x_wconf 89' lang='lat' dir='ltr'><strong>hano</strong></span> <span class='ocrx_word' id='word_1_244' title='bbox 1335 2863 1431 2918; x_wconf 90' lang='lat' dir='ltr'><strong>artem</strong></span> <span class='ocrx_word' id='word_1_245' title='bbox 1453 2875 1522 2936; x_wconf 88' lang='lat' dir='ltr'><strong>per-</strong></span> 
     </span>
     <span class='ocr_line' id='line_1_26' title="bbox 270 2953 1522 3038; baseline 0 -20"><span class='ocrx_word' id='word_1_246' title='bbox 270 2955 425 3031; x_wconf 87' lang='lat' dir='ltr'><strong>tinebant,</strong></span> <span class='ocrx_word' id='word_1_247' title='bbox 444 2954 599 3034; x_wconf 83' lang='lat' dir='ltr'><strong>judicium.</strong></span> <span class='ocrx_word' id='word_1_248' title='bbox 640 2953 720 3016; x_wconf 87' lang='lat' dir='ltr'><strong>Nam</strong></span> <span class='ocrx_word' id='word_1_249' title='bbox 742 2962 774 3016; x_wconf 87' lang='lat' dir='ltr'><strong>et</strong></span> <span class='ocrx_word' id='word_1_250' title='bbox 794 2955 831 3016; x_wconf 91' lang='lat' dir='ltr'><strong>de</strong></span> <span class='ocrx_word' id='word_1_251' title='bbox 851 2953 945 3016; x_wconf 86' lang='lat' dir='ltr'><strong>totius</strong></span> <span class='ocrx_word' id='word_1_252' title='bbox 967 2953 1122 3018; x_wconf 86' lang='lat' dir='ltr'><strong>medioinae</strong></span> <span class='ocrx_word' id='word_1_253' title='bbox 1144 2954 1314 3019; x_wconf 80' lang='lat' dir='ltr'><strong>conditione</strong></span> <span class='ocrx_word' id='word_1_254' title='bbox 1335 2975 1404 3020; x_wconf 90' lang='lat' dir='ltr'><strong>vere</strong></span> <span class='ocrx_word' id='word_1_255' title='bbox 1431 2963 1522 3038; x_wconf 86' lang='lat' dir='ltr'><strong>atque</strong></span> 
     </span>
     <span class='ocr_line' id='line_1_27' title="bbox 270 3054 1523 3150; baseline -0.001 -31"><span class='ocrx_word' id='word_1_256' title='bbox 270 3057 387 3150; x_wconf 64' lang='lat' dir='ltr'><strong>egeelse</strong></span> <span class='ocrx_word' id='word_1_257' title='bbox 410 3057 516 3130; x_wconf 88' lang='lat' dir='ltr'><strong>sentit,</strong></span> <span class='ocrx_word' id='word_1_258' title='bbox 538 3064 572 3118; x_wconf 92' lang='lat' dir='ltr'><strong>ut</strong></span> <span class='ocrx_word' id='word_1_259' title='bbox 593 3074 631 3118; x_wconf 88' lang='lat' dir='ltr'><strong>ex</strong></span> <span class='ocrx_word' id='word_1_260' title='bbox 652 3055 803 3136; x_wconf 88' lang='lat' dir='ltr'><strong>prooemio</strong></span> <span class='ocrx_word' id='word_1_261' title='bbox 825 3054 893 3118; x_wconf 88' lang='lat' dir='ltr'><strong>libri</strong></span> <span class='ocrx_word' id='word_1_262' title='bbox 914 3055 1002 3136; x_wconf 90' lang='lat' dir='ltr'><strong>primi</strong></span> <span class='ocrx_word' id='word_1_263' title='bbox 1024 3055 1171 3138; x_wconf 85' lang='lat' dir='ltr'><strong>praeeipue</strong></span> <span class='ocrx_word' id='word_1_264' title='bbox 1196 3063 1339 3138; x_wconf 82' lang='lat' dir='ltr'><strong>apparet,</strong></span> <span class='ocrx_word' id='word_1_265' title='bbox 1371 3057 1422 3120; x_wconf 92' lang='lat' dir='ltr'><strong>ubi</strong></span> <span class='ocrx_word' id='word_1_266' title='bbox 1444 3058 1523 3120; x_wconf 89' lang='lat' dir='ltr'><strong>inter</strong></span> 
     </span>
     <span class='ocr_line' id='line_1_28' title="bbox 270 3153 1522 3244; baseline 0 -24"><span class='ocrx_word' id='word_1_267' title='bbox 270 3178 336 3232; x_wconf 87' lang='lat' dir='ltr'><strong>ees,</strong></span> <span class='ocrx_word' id='word_1_268' title='bbox 358 3178 423 3240; x_wconf 83' lang='lat' dir='ltr'><strong>quae</strong></span> <span class='ocrx_word' id='word_1_269' title='bbox 444 3165 507 3220; x_wconf 91' lang='lat' dir='ltr'><strong>tum</strong></span> <span class='ocrx_word' id='word_1_270' title='bbox 530 3163 633 3231; x_wconf 87' lang='lat' dir='ltr'><strong>erant,</strong></span> <span class='ocrx_word' id='word_1_271' title='bbox 655 3155 833 3240; x_wconf 84' lang='lat' dir='ltr'><strong>medieqrum</strong></span> <span class='ocrx_word' id='word_1_272' title='bbox 854 3163 953 3219; x_wconf 79' lang='lat' dir='ltr'><strong>sectas</strong></span> <span class='ocrx_word' id='word_1_273' title='bbox 975 3155 1206 3238; x_wconf 87' lang='lat' dir='ltr'><strong>prudentissime</strong></span> <span class='ocrx_word' id='word_1_274' title='bbox 1228 3155 1371 3238; x_wconf 88' lang='lat' dir='ltr'><strong>dijudieat</strong></span> <span class='ocrx_word' id='word_1_275' title='bbox 1396 3153 1457 3244; x_wconf 83' lang='lat' dir='ltr'><strong>(eir</strong></span> <span class='ocrx_word' id='word_1_276' title='bbox 1471 3157 1522 3220; x_wconf 92' lang='lat' dir='ltr'><strong>lib.</strong></span> 
     </span>
     <span class='ocr_line' id='line_1_29' title="bbox 271 3255 1523 3342; baseline -0.001 -20"><span class='ocrx_word' id='word_1_277' title='bbox 271 3259 305 3322; x_wconf 91' lang='lat'><strong>11</strong></span> <span class='ocrx_word' id='word_1_278' title='bbox 319 3279 384 3340; x_wconf 87' lang='lat' dir='ltr'><strong>oap.</strong></span> <span class='ocrx_word' id='word_1_279' title='bbox 400 3256 518 3342; x_wconf 78' lang='lat' dir='ltr'><strong>uun),</strong></span> <span class='ocrx_word' id='word_1_280' title='bbox 540 3267 572 3322; x_wconf 92' lang='lat' dir='ltr'><strong>et</strong></span> <span class='ocrx_word' id='word_1_281' title='bbox 586 3257 652 3320; x_wconf 82' lang='lat' dir='ltr'><strong>eliis</strong></span> <span class='ocrx_word' id='word_1_282' title='bbox 667 3255 740 3320; x_wconf 88' lang='lat' dir='ltr'><strong>loeis</strong></span> <span class='ocrx_word' id='word_1_283' title='bbox 762 3256 919 3338; x_wconf 88' lang='lat' dir='ltr'><strong>proponit,</strong></span> <span class='ocrx_word' id='word_1_284' title='bbox 951 3257 1048 3340; x_wconf 79' lang='lat' dir='ltr'><strong>qualis</strong></span> <span class='ocrx_word' id='word_1_285' title='bbox 1070 3257 1165 3320; x_wconf 92' lang='lat' dir='ltr'><strong>bonus</strong></span> <span class='ocrx_word' id='word_1_286' title='bbox 1187 3259 1317 3322; x_wconf 84' lang='lat' dir='ltr'><strong>medicus</strong></span> <span class='ocrx_word' id='word_1_287' title='bbox 1332 3277 1398 3320; x_wconf 88' lang='lat' dir='ltr'><strong>esse</strong></span> <span class='ocrx_word' id='word_1_288' title='bbox 1410 3259 1523 3322; x_wconf 80' lang='lat' dir='ltr'><strong>debeat</strong></span> 
     </span>
     <span class='ocr_line' id='line_1_30' title="bbox 270 3356 1522 3445; baseline 0 -23"><span class='ocrx_word' id='word_1_289' title='bbox 270 3357 370 3445; x_wconf 88' lang='lat' dir='ltr'><strong>(velut</strong></span> <span class='ocrx_word' id='word_1_290' title='bbox 390 3359 422 3421; x_wconf 94' lang='lat' dir='ltr'><strong>in</strong></span> <span class='ocrx_word' id='word_1_291' title='bbox 444 3358 595 3440; x_wconf 82' lang='lat' dir='ltr'><strong>prooemio</strong></span> <span class='ocrx_word' id='word_1_292' title='bbox 609 3357 679 3420; x_wconf 89' lang='lat' dir='ltr'><strong>libri</strong></span> <span class='ocrx_word' id='word_1_293' title='bbox 693 3356 788 3442; x_wconf 90' lang='lat' dir='ltr'><strong>VII),</strong></span> <span class='ocrx_word' id='word_1_294' title='bbox 811 3365 916 3420; x_wconf 87' lang='lat' dir='ltr'><strong>eontra</strong></span> <span class='ocrx_word' id='word_1_295' title='bbox 931 3358 1025 3421; x_wconf 85' lang='lat' dir='ltr'><strong>melos</strong></span> <span class='ocrx_word' id='word_1_296' title='bbox 1040 3367 1151 3433; x_wconf 77' lang='lat' dir='ltr'><strong>eisne,</strong></span> <span class='ocrx_word' id='word_1_297' title='bbox 1172 3359 1223 3442; x_wconf 94' lang='lat' dir='ltr'><strong>qui</strong></span> <span class='ocrx_word' id='word_1_298' title='bbox 1237 3359 1361 3441; x_wconf 72' lang='lat' dir='ltr'><strong>questui</strong></span> <span class='ocrx_word' id='word_1_299' title='bbox 1376 3359 1522 3433; x_wconf 86' lang='lat' dir='ltr'><strong>serviunt,</strong></span> 
     </span>
     <span class='ocr_line' id='line_1_31' title="bbox 271 3455 1522 3544; baseline -0.002 -21"><span class='ocrx_word' id='word_1_300' title='bbox 271 3459 461 3524; x_wconf 90' lang='lat' dir='ltr'><strong>vehementer</strong></span> <span class='ocrx_word' id='word_1_301' title='bbox 482 3459 612 3540; x_wconf 84' lang='lat' dir='ltr'><strong>eastigut</strong></span> <span class='ocrx_word' id='word_1_302' title='bbox 634 3457 863 3544; x_wconf 84' lang='lat' dir='ltr'><strong>(111,4p.80;</strong></span> <span class='ocrx_word' id='word_1_303' title='bbox 885 3455 991 3534; x_wconf 83' lang='lat' dir='ltr'><strong>v,26,</strong></span> <span class='ocrx_word' id='word_1_304' title='bbox 1008 3455 1052 3544; x_wconf 90' lang='lat'><strong>1).</strong></span> <span class='ocrx_word' id='word_1_305' title='bbox 1096 3459 1282 3541; x_wconf 84' lang='lat' dir='ltr'><strong>Compluries</strong></span> <span class='ocrx_word' id='word_1_306' title='bbox 1309 3469 1410 3524; x_wconf 87' lang='lat' dir='ltr'><strong>eutem</strong></span> <span class='ocrx_word' id='word_1_307' title='bbox 1436 3468 1522 3542; x_wconf 88' lang='lat' dir='ltr'><strong>post-</strong></span> 
     </span>
     <span class='ocr_line' id='line_1_32' title="bbox 270 3558 1522 3644; baseline -0.002 -20"><span class='ocrx_word' id='word_1_308' title='bbox 270 3580 361 3644; x_wconf 90' lang='lat' dir='ltr'><strong>quam</strong></span> <span class='ocrx_word' id='word_1_309' title='bbox 381 3559 499 3636; x_wconf 85' lang='lat' dir='ltr'><strong>attulit,</strong></span> <span class='ocrx_word' id='word_1_310' title='bbox 531 3560 660 3642; x_wconf 90' lang='lat' dir='ltr'><strong>quidde</strong></span> <span class='ocrx_word' id='word_1_311' title='bbox 682 3558 795 3622; x_wconf 89' lang='lat' dir='ltr'><strong>morbis</strong></span> <span class='ocrx_word' id='word_1_312' title='bbox 817 3566 848 3622; x_wconf 88' lang='lat' dir='ltr'><strong>et</strong></span> <span class='ocrx_word' id='word_1_313' title='bbox 870 3559 1080 3623; x_wconf 82' lang='lat' dir='ltr'><strong>curationibus</strong></span> <span class='ocrx_word' id='word_1_314' title='bbox 1095 3559 1147 3622; x_wconf 94' lang='lat' dir='ltr'><strong>alii</strong></span> <span class='ocrx_word' id='word_1_315' title='bbox 1164 3559 1349 3642; x_wconf 76' lang='lat' dir='ltr'><strong>judicarent,</strong></span> <span class='ocrx_word' id='word_1_316' title='bbox 1381 3559 1522 3624; x_wconf 80' lang='lat' dir='ltr'><strong>refutatis</strong></span> 
     </span>
     <span class='ocr_line' id='line_1_33' title="bbox 271 3659 1523 3744; baseline 0 -20"><span class='ocrx_word' id='word_1_317' title='bbox 271 3681 373 3727; x_wconf 90' lang='lat' dir='ltr'><strong>eorum</strong></span> <span class='ocrx_word' id='word_1_318' title='bbox 395 3659 575 3735; x_wconf 81' lang='lat' dir='ltr'><strong>rationibus,</strong></span> <span class='ocrx_word' id='word_1_319' title='bbox 597 3660 668 3742; x_wconf 89' lang='lat' dir='ltr'><strong>quid</strong></span> <span class='ocrx_word' id='word_1_320' title='bbox 689 3659 755 3741; x_wconf 89' lang='lat' dir='ltr'><strong>ipse</strong></span> <span class='ocrx_word' id='word_1_321' title='bbox 776 3660 905 3736; x_wconf 87' lang='lat' dir='ltr'><strong>sentiat,</strong></span> <span class='ocrx_word' id='word_1_322' title='bbox 927 3660 1058 3743; x_wconf 88' lang='lat' dir='ltr'><strong>exponit.</strong></span> <span class='ocrx_word' id='word_1_323' title='bbox 1100 3660 1205 3744; x_wconf 88' lang='lat' dir='ltr'><strong>Neque</strong></span> <span class='ocrx_word' id='word_1_324' title='bbox 1233 3680 1269 3724; x_wconf 90' lang='lat' dir='ltr'><strong>ea</strong></span> <span class='ocrx_word' id='word_1_325' title='bbox 1295 3659 1392 3724; x_wconf 89' lang='lat' dir='ltr'><strong>solum</strong></span> <span class='ocrx_word' id='word_1_326' title='bbox 1414 3662 1523 3738; x_wconf 82' lang='lat' dir='ltr'><strong>allent,</strong></span> 
     </span>
     <span class='ocr_line' id='line_1_34' title="bbox 270 3759 1522 3846; baseline 0 -20"><span class='ocrx_word' id='word_1_327' title='bbox 270 3783 336 3846; x_wconf 83' lang='lat' dir='ltr'><strong>quae</strong></span> <span class='ocrx_word' id='word_1_328' title='bbox 357 3761 405 3824; x_wconf 90' lang='lat' dir='ltr'><strong>vel</strong></span> <span class='ocrx_word' id='word_1_329' title='bbox 427 3761 536 3825; x_wconf 88' lang='lat' dir='ltr'><strong>litteris</strong></span> <span class='ocrx_word' id='word_1_330' title='bbox 558 3761 704 3825; x_wconf 85' lang='lat' dir='ltr'><strong>mandata</strong></span> <span class='ocrx_word' id='word_1_331' title='bbox 724 3759 880 3824; x_wconf 88' lang='lat' dir='ltr'><strong>invenerat</strong></span> <span class='ocrx_word' id='word_1_332' title='bbox 900 3761 948 3824; x_wconf 87' lang='lat' dir='ltr'><strong>vel</strong></span> <span class='ocrx_word' id='word_1_333' title='bbox 970 3761 1150 3826; x_wconf 83' lang='lat' dir='ltr'><strong>medicorum</strong></span> <span class='ocrx_word' id='word_1_334' title='bbox 1172 3781 1228 3824; x_wconf 88' lang='lat' dir='ltr'><strong>usu</strong></span> <span class='ocrx_word' id='word_1_335' title='bbox 1243 3763 1449 3844; x_wconf 84' lang='lat' dir='ltr'><strong>comprobate,</strong></span> <span class='ocrx_word' id='word_1_336' title='bbox 1469 3761 1522 3826; x_wconf 86' lang='lat' dir='ltr'><strong>sed</strong></span> 
     </span>
     <span class='ocr_line' id='line_1_35' title="bbox 271 3861 1522 3946; baseline 0 -20"><span class='ocrx_word' id='word_1_337' title='bbox 271 3863 421 3928; x_wconf 89' lang='lat' dir='ltr'><strong>nonnullis</strong></span> <span class='ocrx_word' id='word_1_338' title='bbox 442 3861 514 3926; x_wconf 88' lang='lat' dir='ltr'><strong>loeis</strong></span> <span class='ocrx_word' id='word_1_339' title='bbox 535 3883 572 3927; x_wconf 90' lang='lat' dir='ltr'><strong>ea</strong></span> <span class='ocrx_word' id='word_1_340' title='bbox 592 3881 707 3946; x_wconf 92' lang='lat' dir='ltr'><strong>quoqne</strong></span> <span class='ocrx_word' id='word_1_341' title='bbox 727 3861 824 3926; x_wconf 89' lang='lat' dir='ltr'><strong>tradit</strong></span> <span class='ocrx_word' id='word_1_342' title='bbox 844 3861 969 3926; x_wconf 83' lang='lat' dir='ltr'><strong>curandi</strong></span> <span class='ocrx_word' id='word_1_343' title='bbox 1001 3881 1124 3944; x_wconf 88' lang='lat' dir='ltr'><strong>genera,</strong></span> <span class='ocrx_word' id='word_1_344' title='bbox 1156 3881 1222 3944; x_wconf 80' lang='lat' dir='ltr'><strong>quse</strong></span> <span class='ocrx_word' id='word_1_345' title='bbox 1243 3883 1263 3926; x_wconf 92' lang='lat' dir='ltr'><strong>a</strong></span> <span class='ocrx_word' id='word_1_346' title='bbox 1282 3863 1370 3945; x_wconf 86' lang='lat' dir='ltr'><strong>plebe</strong></span> <span class='ocrx_word' id='word_1_347' title='bbox 1391 3863 1522 3940; x_wconf 75' lang='lat' dir='ltr'><strong>usitata,</strong></span> 
     </span>
     <span class='ocr_line' id='line_1_36' title="bbox 270 3961 1523 4051; baseline -0.002 -23"><span class='ocrx_word' id='word_1_348' title='bbox 270 3963 297 4028; x_wconf 89' lang='lat' dir='ltr'><strong>si</strong></span> <span class='ocrx_word' id='word_1_349' title='bbox 317 3965 458 4048; x_wconf 89' lang='lat' dir='ltr'><strong>prodesse</strong></span> <span class='ocrx_word' id='word_1_350' title='bbox 479 3964 577 4028; x_wconf 88' lang='lat' dir='ltr'><strong>minue</strong></span> <span class='ocrx_word' id='word_1_351' title='bbox 598 3969 740 4046; x_wconf 91' lang='lat' dir='ltr'><strong>possent,</strong></span> <span class='ocrx_word' id='word_1_352' title='bbox 760 3970 861 4026; x_wconf 82' lang='lat' dir='ltr'><strong>tumen</strong></span> <span class='ocrx_word' id='word_1_353' title='bbox 883 3963 958 4026; x_wconf 90' lang='lat' dir='ltr'><strong>nihil</strong></span> <span class='ocrx_word' id='word_1_354' title='bbox 978 3962 1101 4046; x_wconf 80' lang='lat' dir='ltr'><strong>periculi</strong></span> <span class='ocrx_word' id='word_1_355' title='bbox 1123 3961 1234 4028; x_wconf 89' lang='lat' dir='ltr'><strong>habere</strong></span> <span class='ocrx_word' id='word_1_356' title='bbox 1256 3963 1428 4028; x_wconf 87' lang='lat' dir='ltr'><strong>viderentur</strong></span> <span class='ocrx_word' id='word_1_357' title='bbox 1448 3961 1523 4051; x_wconf 89' lang='lat'><strong>(111,</strong></span> 
     </span>
    </p>
   </div>
   <div class='ocr_carea' id='block_1_3' title="bbox 270 4147 1524 4660">
    <p class='ocr_par' dir='ltr' id='par_1_5' title="bbox 271 4147 1522 4224">
     <span class='ocr_line' id='line_1_37' title="bbox 271 4147 1522 4224; baseline 0 -17"><span class='ocrx_word' id='word_1_358' title='bbox 271 4151 391 4207; x_wconf 77' lang='lat' dir='ltr'><strong>maxime</strong></span> <span class='ocrx_word' id='word_1_359' title='bbox 412 4155 521 4208; x_wconf 82' lang='lat' dir='ltr'><strong>seoutus</strong></span> <span class='ocrx_word' id='word_1_360' title='bbox 542 4170 612 4208; x_wconf 87' lang='lat' dir='ltr'><strong>sum.</strong></span> <span class='ocrx_word' id='word_1_361' title='bbox 656 4150 768 4221; x_wconf 86' lang='lat' dir='ltr'><strong>Inspexi</strong></span> <span class='ocrx_word' id='word_1_362' title='bbox 789 4153 885 4207; x_wconf 90' lang='lat' dir='ltr'><strong>autem</strong></span> <span class='ocrx_word' id='word_1_363' title='bbox 906 4151 994 4208; x_wconf 82' lang='lat' dir='ltr'><strong>etism</strong></span> <span class='ocrx_word' id='word_1_364' title='bbox 1015 4149 1058 4206; x_wconf 88' lang='lat' dir='ltr'><strong>ed.</strong></span> <span class='ocrx_word' id='word_1_365' title='bbox 1081 4147 1522 4224; x_wconf 77' lang='lat' dir='ltr'><strong>Turgae(bugd.Botav.1785)</strong></span> 
     </span>
    </p>

    <p class='ocr_par' dir='ltr' id='par_1_6' title="bbox 270 4235 1524 4308">
     <span class='ocr_line' id='line_1_38' title="bbox 270 4235 1524 4308; baseline -0.002 -12"><span class='ocrx_word' id='word_1_366' title='bbox 270 4241 300 4296; x_wconf 87' lang='lat' dir='ltr'><strong>et</strong></span> <span class='ocrx_word' id='word_1_367' title='bbox 321 4255 398 4304; x_wconf 83' lang='lat' dir='ltr'><strong>eum,</strong></span> <span class='ocrx_word' id='word_1_368' title='bbox 434 4255 519 4308; x_wconf 81' lang='lat' dir='ltr'><strong>quum</strong></span> <span class='ocrx_word' id='word_1_369' title='bbox 544 4239 668 4296; x_wconf 78' lang='lat' dir='ltr'><strong>iecerunt</strong></span> <span class='ocrx_word' id='word_1_370' title='bbox 693 4237 793 4294; x_wconf 82' lang='lat' dir='ltr'><strong>Albers</strong></span> <span class='ocrx_word' id='word_1_371' title='bbox 819 4241 848 4294; x_wconf 83' lang='lat' dir='ltr'><strong>et</strong></span> <span class='ocrx_word' id='word_1_372' title='bbox 868 4237 962 4294; x_wconf 80' lang='lat' dir='ltr'><strong>liitter</strong></span> <span class='ocrx_word' id='word_1_373' title='bbox 984 4235 1090 4307; x_wconf 84' lang='lat' dir='ltr'><strong>(Oolon.</strong></span> <span class='ocrx_word' id='word_1_374' title='bbox 1116 4239 1220 4308; x_wconf 87' lang='grc'><strong>1835).</strong></span> <span class='ocrx_word' id='word_1_375' title='bbox 1264 4239 1355 4307; x_wconf 82' lang='lat' dir='ltr'><strong>Quum</strong></span> <span class='ocrx_word' id='word_1_376' title='bbox 1376 4239 1472 4294; x_wconf 87' lang='lat' dir='ltr'><strong>autem</strong></span> <span class='ocrx_word' id='word_1_377' title='bbox 1493 4238 1524 4293; x_wconf 87' lang='lat' dir='ltr'><strong>in</strong></span> 
     </span>
    </p>

    <p class='ocr_par' dir='ltr' id='par_1_7' title="bbox 270 4323 1523 4397">
     <span class='ocr_line' id='line_1_39' title="bbox 270 4323 1523 4397; baseline -0.002 -15"><span class='ocrx_word' id='word_1_378' title='bbox 270 4325 351 4382; x_wconf 88' lang='lat' dir='ltr'><strong>nulla</strong></span> <span class='ocrx_word' id='word_1_379' title='bbox 381 4326 482 4380; x_wconf 84' lang='lat' dir='ltr'><strong>harum</strong></span> <span class='ocrx_word' id='word_1_380' title='bbox 507 4325 569 4382; x_wconf 87' lang='lat' dir='ltr'><strong>edd.</strong></span> <span class='ocrx_word' id='word_1_381' title='bbox 596 4327 693 4397; x_wconf 78' lang='lat' dir='ltr'><strong>eapite</strong></span> <span class='ocrx_word' id='word_1_382' title='bbox 718 4324 774 4382; x_wconf 88' lang='lat' dir='ltr'><strong>nisi</strong></span> <span class='ocrx_word' id='word_1_383' title='bbox 795 4324 962 4396; x_wconf 82' lang='lat' dir='ltr'><strong>quibusdum</strong></span> <span class='ocrx_word' id='word_1_384' title='bbox 982 4323 1051 4381; x_wconf 89' lang='lat' dir='ltr'><strong>louis</strong></span> <span class='ocrx_word' id='word_1_385' title='bbox 1072 4324 1103 4380; x_wconf 88' lang='lat' dir='ltr'><strong>in</strong></span> <span class='ocrx_word' id='word_1_386' title='bbox 1124 4325 1258 4382; x_wconf 72' lang='lat' dir='ltr'><strong>sectiones</strong></span> <span class='ocrx_word' id='word_1_387' title='bbox 1278 4324 1369 4382; x_wconf 85' lang='lat' dir='ltr'><strong>divisa</strong></span> <span class='ocrx_word' id='word_1_388' title='bbox 1389 4325 1459 4390; x_wconf 83' lang='lat' dir='ltr'><strong>sint,</strong></span> <span class='ocrx_word' id='word_1_389' title='bbox 1493 4327 1523 4381; x_wconf 84' lang='lat' dir='ltr'><strong>et</strong></span> 
     </span>
    </p>

    <p class='ocr_par' dir='ltr' id='par_1_8' title="bbox 270 4411 1524 4484">
     <span class='ocr_line' id='line_1_40' title="bbox 270 4411 1524 4484; baseline 0.001 -16"><span class='ocrx_word' id='word_1_390' title='bbox 270 4413 314 4468; x_wconf 78' lang='lat' dir='ltr'><strong>ho</strong></span> <span class='ocrx_word' id='word_1_391' title='bbox 335 4428 445 4483; x_wconf 89' lang='lat' dir='ltr'><strong>quoque</strong></span> <span class='ocrx_word' id='word_1_392' title='bbox 465 4413 607 4469; x_wconf 84' lang='lat' dir='ltr'><strong>interdum</strong></span> <span class='ocrx_word' id='word_1_393' title='bbox 627 4414 684 4470; x_wconf 87' lang='lat' dir='ltr'><strong>sint</strong></span> <span class='ocrx_word' id='word_1_394' title='bbox 704 4411 857 4484; x_wconf 80' lang='lat' dir='ltr'><strong>longiores,</strong></span> <span class='ocrx_word' id='word_1_395' title='bbox 880 4428 943 4484; x_wconf 90' lang='lat' dir='ltr'><strong>ego,</strong></span> <span class='ocrx_word' id='word_1_396' title='bbox 965 4412 1015 4468; x_wconf 90' lang='lat' dir='ltr'><strong>ubi</strong></span> <span class='ocrx_word' id='word_1_397' title='bbox 1035 4411 1175 4467; x_wconf 79' lang='lat' dir='ltr'><strong>difficilius</strong></span> <span class='ocrx_word' id='word_1_398' title='bbox 1201 4412 1349 4470; x_wconf 79' lang='lat' dir='ltr'><strong>videbatur</strong></span> <span class='ocrx_word' id='word_1_399' title='bbox 1370 4427 1428 4467; x_wconf 87' lang='lat' dir='ltr'><strong>esee</strong></span> <span class='ocrx_word' id='word_1_400' title='bbox 1449 4412 1524 4469; x_wconf 88' lang='lat' dir='ltr'><strong>looos</strong></span> 
     </span>
    </p>

    <p class='ocr_par' dir='ltr' id='par_1_9' title="bbox 271 4497 1522 4660">
     <span class='ocr_line' id='line_1_41' title="bbox 271 4497 1522 4573; baseline 0 -17"><span class='ocrx_word' id='word_1_401' title='bbox 271 4499 373 4556; x_wconf 85' lang='lat' dir='ltr'><strong>allatos</strong></span> <span class='ocrx_word' id='word_1_402' title='bbox 393 4499 532 4566; x_wconf 81' lang='lat' dir='ltr'><strong>invenire,</strong></span> <span class='ocrx_word' id='word_1_403' title='bbox 555 4501 672 4571; x_wconf 80' lang='lat' dir='ltr'><strong>opposui</strong></span> <span class='ocrx_word' id='word_1_404' title='bbox 692 4499 804 4573; x_wconf 69' lang='lat' dir='ltr'><strong>paginae</strong></span> <span class='ocrx_word' id='word_1_405' title='bbox 825 4515 935 4572; x_wconf 89' lang='lat' dir='ltr'><strong>quoque</strong></span> <span class='ocrx_word' id='word_1_406' title='bbox 958 4501 987 4556; x_wconf 85' lang='lat' dir='ltr'><strong>et</strong></span> <span class='ocrx_word' id='word_1_407' title='bbox 1008 4498 1089 4556; x_wconf 87' lang='lat' dir='ltr'><strong>lineae</strong></span> <span class='ocrx_word' id='word_1_408' title='bbox 1109 4513 1238 4558; x_wconf 89' lang='lat' dir='ltr'><strong>numeros</strong></span> <span class='ocrx_word' id='word_1_409' title='bbox 1258 4515 1293 4556; x_wconf 84' lang='lat' dir='ltr'><strong>ex</strong></span> <span class='ocrx_word' id='word_1_410' title='bbox 1307 4497 1374 4556; x_wconf 76' lang='lat' dir='ltr'><strong>ense.</strong></span> <span class='ocrx_word' id='word_1_411' title='bbox 1390 4498 1522 4556; x_wconf 84' lang='lat' dir='ltr'><strong>Duremb.</strong></span> 
     </span>
     <span class='ocr_line' id='line_1_42' title="bbox 320 4581 707 4660; baseline 0.005 -18"><span class='ocrx_word' id='word_1_412' title='bbox 320 4581 341 4660; x_wconf 89' lang='lat'><strong>¹)</strong></span> <span class='ocrx_word' id='word_1_413' title='bbox 362 4585 403 4644; x_wconf 87' lang='lat' dir='ltr'><strong>De</strong></span> <span class='ocrx_word' id='word_1_414' title='bbox 424 4584 504 4644; x_wconf 77' lang='lat' dir='ltr'><strong>uros.</strong></span> <span class='ocrx_word' id='word_1_415' title='bbox 529 4586 557 4656; x_wconf 89' lang='lat' dir='ltr'><strong>l,</strong></span> <span class='ocrx_word' id='word_1_416' title='bbox 583 4588 632 4656; x_wconf 87' lang='lat'><strong>14,</strong></span> <span class='ocrx_word' id='word_1_417' title='bbox 656 4587 707 4644; x_wconf 77' lang='grc'><strong>62.</strong></span> 
     </span>
    </p>
   </div>
   <div class='ocr_carea' id='block_1_4' title="bbox 0 0 1733 5310">
    <p class='ocr_par' dir='ltr' id='par_1_10' title="bbox 0 0 1733 5310">
     <span class='ocr_line' id='line_1_43' title="bbox 0 0 1733 5310; baseline 0 0"><span class='ocrx_word' id='word_1_418' title='bbox 0 0 1733 5310; x_wconf 95' lang='lat' dir='ltr'><strong> </strong></span> 
     </span>
    </p>
   </div>
  </div>
 </body>
</html>
