3450 5310
150 405 157 422 .
289 369 327 426 12
804 363 835 422 C.
858 364 893 422 Δ.
916 363 1028 422 Brolen.

286 539 500 604 consuetudine
533 550 565 604 et
597 538 761 620 prsesertim
788 559 808 602 o
829 536 981 602 Ciceronis
1003 547 1034 602 el
1055 535 1184 604 Caesnris
1205 537 1340 602 nonnihil
1368 538 1544 602 discessisse

288 642 433 704 videatur.
478 639 555 710 Qoae
578 641 671 702 verbs
693 639 862 703 litterarum
883 640 1017 704 ordinem
1037 647 1159 704 secatus
1180 640 1314 704 merom.

227 823 231 830 ι
369 740 517 804 Acucre
539 741 568 804 in
593 741 715 822 passive
736 742 833 804 lorms
853 739 891 802 de
913 741 1025 804 morbis
1047 749 1209 822 usurpetur
1230 741 1280 815 11,
1301 739 1378 804 Sin.
1399 739 1454 802 Ea
1467 759 1545 824 rup-

281 840 497 928 puratr'onc'bus
519 863 587 906 cero
608 862 650 904 ecs
670 837 836 906 tolerabiles
856 849 941 915 ruat,
961 861 1028 926 quas
1049 840 1083 904 ia
1104 840 1281 905 ecters‘arem
1297 841 1544 928 partemserrsu·

173 1014 178 1022 ¹
285 953 336 1006 tur
357 952 384 1006 et
403 951 561 1006 accuretur.
604 941 719 1005 Aeetes
740 941 786 1004 its
806 941 981 1022 sepissime.
1024 943 1079 1006 Cfr
1099 943 1174 1006 Hor.
1196 953 1256 1006 sst.
1271 943 1301 1018 2,
1315 942 1346 1018 3,
1362 943 1432 1006 163.
1454 941 1543 1024 epist.

290 1045 316 1118 1,
336 1043 366 1118 6,
388 1043 439 1107 28.

369 1143 571 1228 Adurpere
593 1163 651 1206 uno
672 1143 738 1208 loco
761 1151 808 1206 est
828 1143 1076 1218 VI1,12‚1fin.
1098 1141 1294 1229 (Hoccerm.
1307 1139 1397 1219 1‚37‚
1412 1141 1544 1226 lbsqq.)

368 1243 551 1331 Affectus
582 1264 663 1325 saepo
695 1243 804 1306 dicitur
825 1245 863 1307 de
885 1245 1018 1324 corporis
1040 1246 1143 1308 morbo
1166 1244 1210 1308 vel
1233 1253 1316 1308 stetu
1339 1245 1438 1308 miuus
1460 1263 1544 1306 com-

286 1347 390 1419 modo,
422 1347 505 1408 velot
527 1347 557 1420 1,
579 1345 599 1408 9
620 1346 661 1408 io.
682 1344 844 1418 concoctio,
876 1345 952 1408 staur
983 1344 1016 1406 iu
1041 1344 1179 1408 messibus
1207 1345 1343 1430 corporis
1365 1343 1544 1432 affectibus,

285 1447 454 1508 rrcccssarc'a
475 1455 526 1508 est.
569 1448 616 1520 11,
642 1446 656 1508 l
680 1466 710 1526 p.
731 1447 789 1520 29,
810 1447 852 1508 22
873 1443 971 1509 Ceteri
992 1446 1072 1510 aaut
1092 1467 1151 1530 prro
1173 1445 1243 1510 braic
1269 1444 1315 1510 cel
1346 1443 1393 1508 tttu·
1415 1448 1545 1529 propib-

285 1567 335 1610 res
355 1555 438 1621 eunt,
459 1567 493 1610 eo
514 1547 611 1629 mapis
632 1545 747 1608 viciuos
768 1544 815 1608 bis
835 1543 931 1610 illisce
952 1546 1085 1633 affectas
1104 1547 1238 1635 faciunt.
1282 1549 1397 1610 Prestsr
1424 1546 1543 1610 Celsum

287 1666 372 1710 uerno
393 1647 530 1728 seilptnr,
553 1649 579 1710 si
601 1647 706 1710 lexicis
728 1647 909 1712 credendum
931 1657 995 1722 est,
1027 1648 1084 1712 boo
1105 1649 1228 1710 verbnm
1251 1647 1288 1710 de
1310 1665 1434 1728 corpore
1455 1665 1546 1709 osor·

286 1749 379 1829 pavit.

368 1847 508 1912 Amare
539 1850 656 1912 duobus
688 1849 762 1914 locis
788 1850 923 1931 subjecto
944 1867 1007 1912 rem
1029 1848 1211 1929 significanti
1232 1849 1411 1929 apponitur:
1433 1848 1481 1922 ΙΙ,
1505 1848 1546 1910 14

285 1969 315 2030 p.
337 1949 388 2024 59,
410 1951 448 2012 21
474 1950 568 2014 Amat
589 1960 689 2014 aetem
709 1949 763 2014 boc
784 1948 936 2014 cambium
957 1946 1093 2012 salebrae
1115 1947 1212 2033 ioupa.
1240 1950 1306 2024 111,
1328 1951 1366 2014 21
1390 1951 1441 2013 lin.
1463 1947 1546 2010 Bal-

285 2071 374 2114 ucum
394 2072 502 2114 rarum
524 2074 572 2115 res
593 2061 685 2114 amat.
727 2053 777 2116 Ite
799 2051 890 2116 locuti
911 2060 981 2114 sunt
1003 2050 1094 2126 Seli,¹
1115 2063 1226 2132 poeloe,
1248 2052 1438 2132 posteriores.

368 2151 568 2228 Asteriae,
601 2172 662 2234 qne
682 2171 754 2216 voce
777 2153 824 2214 osi
845 2161 918 2216 sont
939 2153 1049 2215 intimes
1070 2153 1169 2216 aetstis
1191 2152 1367 2232 scriptores,
1396 2171 1455 2214 nno
1477 2151 1544 2214 loco

285 2261 331 2314 est
353 2254 448 2328 VIII,
470 2252 499 2327 9,
522 2257 557 2316 2:
580 2262 613 2316 ut
633 2250 719 2316 borsw
740 2252 774 2316 ia
794 2255 976 2318 anteriorem
992 2263 1113 2336 partem
1134 2250 1261 2316 subinde
1280 2253 1404 2316 nitatur.

368 2353 543 2438 Aspredo
558 2355 598 2427 V,
613 2352 664 2429 28,
678 2355 699 2416 2
714 2375 744 2434 p.
759 2353 831 2428 206,
846 2349 897 2429 27,
918 2353 1124 2438 aspritudo
1145 2373 1225 2434 ssspe
1248 2353 1359 2416 dicitur
1379 2372 1433 2434 pro
1453 2373 1545 2436 orpe-

285 2451 390 2528 ritate‚
424 2473 489 2535 ques
522 2457 618 2516 forma
640 2474 660 2518 e
681 2455 833 2518 veteribus
853 2455 1051 2536 scriptoribus
1073 2464 1217 2535 nsorpste
1239 2454 1319 2534 spnd
1341 2454 1462 2518 Celsum
1484 2475 1544 2518 nno

239 2535 242 2546 ¹
285 2554 433 2618 locoest:
457 2555 634 2631 v1‚5‚in.

368 2653 587 2739 Aucupium
620 2676 673 2738 pro
706 2675 795 2718 cerne
817 2657 918 2720 avium
940 2665 1095 2738 cspterum
1118 2655 1228 2720 dicitnr
1249 2675 1308 2718 ono
1330 2655 1410 2720 loco:
1433 2657 1480 2732 11,
1502 2656 1546 2720 26

285 2756 336 2820 fin.
379 2754 514 2819 Minima
535 2755 653 2842 inflatio
665 2757 706 2845 fit
727 2777 765 2820 ec
786 2757 954 2833 vacatione,
975 2757 1120 2839 aucupto,
1139 2756 1273 2842 piscibus
1294 2767 1351 2820 cet.

368 2855 493 2932 Aura,
514 2878 581 2940 que
602 2878 661 2922 vox
682 2866 839 2940 posterum
862 2861 924 2922 lere
945 2868 993 2922 est
1015 2879 1108 2941 neque
1129 2879 1149 2920 e
1163 2859 1306 2922 Cicerone
1321 2858 1378 2922 nisi
1393 2859 1547 2924 translate

284 2957 502 3037 significatione
534 2968 708 3040 usurpatur,
742 2960 863 3040 propris
884 2961 1006 3022 notione
1027 2960 1136 3022 dicitnr
1158 2961 1187 3034 1,
1209 2961 1244 3022 2:
1267 2981 1361 3022 aurae
1373 2956 1545 3043 flaminum

285 3067 312 3120 et
332 3067 516 3143 caprorum.
562 3060 706 3123 Krebsins
728 3057 969 3144 (Antiberberos
990 3081 1015 3124 s.
1038 3057 1083 3145 v.)
1106 3061 1278 3136 contendit,
1310 3061 1456 3142 plurelem
1485 3081 1544 3124 rrn-

286 3179 396 3222 merom
421 3160 509 3240 hujus
531 3161 612 3224 vocis
634 3163 714 3242 opud
736 3171 841 3243 poetes
862 3161 959 3226 solnm
980 3162 1115 3226 inveniri.

369 3259 647 3326 Auriuutarius
668 3271 777 3344 praeter
797 3263 920 3326 Celsum
942 3263 1056 3326 babent
1077 3263 1185 3326 inlimae
1206 3262 1307 3326 aetstis
1328 3262 1500 3344 scriptores.
1513 3319 1533 3341 „

370 3359 504 3426 Cedere
536 3383 589 3443 pro
618 3383 652 3426 eo
674 3365 752 3446 qnod
774 3373 820 3426 est
841 3364 922 3445 apud
945 3363 1119 3428 Ciceronem
1138 3363 1301 3447 procedere
1321 3363 1427 3428 Celsos
1450 3363 1545 3426 hobel

286 3464 433 3526 nonnullis
466 3464 552 3538 locis,
584 3464 668 3528 velut
693 3465 742 3539 ΙΙ,
765 3459 804 3528 17
826 3483 855 3546 p.
877 3463 928 3540 63,
952 3463 991 3528 16
1017 3464 1174 3548 sipricra
1194 3473 1271 3528 recte
1292 3473 1450 3528 eumont.
1492 3464 1544 3528 Its.

287 3562 362 3626 Sall.
386 3564 463 3644 Nep.
485 3565 552 3626 Liv.
575 3564 764 3646 posteriores.

368 3661 518 3728 Calaber
548 3666 584 3727 de
617 3663 788 3729 bominibus
821 3665 976 3728 Ciceronis
1008 3675 1100 3730 aetete
1133 3683 1191 3728 non
1224 3673 1401 3746 usnrpstom
1435 3664 1543 3741 fnisse,

286 3763 396 3828 Krcbs.
419 3785 444 3828 s.
467 3785 496 3826 v.
519 3773 700 3830 auctorest.
743 3765 822 3830 Cels.
844 3783 974 3846 prooem.
996 3766 1065 3830 libri
1091 3767 1170 3830 VII:
1203 3763 1346 3850 moleque
1376 3763 1432 3829 alii
1466 3765 1544 3830 cele·

285 3862 352 3929 bras
373 3865 441 3929 oiri.

368 3965 650 4032 Circumcidere
670 3967 822 4032 translate
842 3967 1062 4048 significatione
1082 3968 1102 4032 i.
1124 3989 1148 4032 s.
1171 3988 1199 4051 q.
1221 3967 1399 4033 tamicae
1419 3969 1477 4044 IV,
1490 3964 1542 4045 27,

288 4069 302 4130 1
326 4088 357 4149 p.
382 4069 451 4144 153,
472 4070 510 4132 21
534 4067 809 4134 circumc-sitentium
829 4069 934 4133 cinam
954 4079 996 4134 est
1016 4070 1051 4132 ia
1072 4078 1166 4134 totum
1186 4091 1309 4133 anuum.
1352 4069 1409 4144 lv,
1424 4071 1465 4132 32
1478 4070 1542 4133 cir-

285 4171 416 4234 aumcs'sa
437 4170 520 4234 cruci
539 4171 691 4256 negotiosa
712 4169 896 4255 copilate'one.
938 4171 1002 4248 VI,
1024 4170 1045 4236 9
1070 4171 1111 4235 in.
1133 4171 1238 4236 suum
1260 4191 1298 4236 sa
1326 4178 1384 4233 loto
1410 4171 1542 4235 arcum·

285 4271 446 4334 ridendum
466 4281 519 4335 est.

368 4369 674 4458 Circuusspcetus
706 4391 759 4455 pro
782 4371 928 4458 pnsdenti
953 4381 1099 4456 usurpent
1119 4382 1269 4456 orgenteae
1290 4372 1390 4436 estatis
1410 4372 1542 4454 scripto-

285 4492 341 4535 res.
384 4473 462 4536 Cels.
484 4474 546 4548 111,
568 4472 588 4536 9
609 4475 660 4537 fin.
692 4472 754 4538 Sed
775 4481 818 4538 cst
838 4472 1043 4559 urcumspue·
1064 4495 1179 4560 qnoque
1205 4471 1336 4538 mutuis
1367 4483 1394 4537 ct
1426 4494 1542 4538 nccare

284 4573 435 4637 interdum
456 4583 483 4638 et
504 4595 613 4660 aspere
633 4573 781 4639 morbum.
