3450 5310
291 391 309 449 6
812 395 843 452 C.
865 396 899 452 A.
921 397 1031 454 Broldn.

289 567 358 632 aliis
380 568 562 648 argumentis
583 569 711 651 permoti
733 574 879 646 lecerunt,
911 578 1094 634 tamennon
1116 569 1232 645 dubito,
1253 567 1325 652 quin
1348 566 1456 634 lecturi
1477 585 1538 632 non

288 670 412 745 fuerint,
434 670 491 732 nisi
511 689 678 734 sermonem
700 671 763 752 eJ'us
785 691 852 734 eum
873 691 939 734 esse
962 681 1134 754 putassent,
1166 670 1217 753 qui
1239 669 1278 732 ad
1300 669 1443 752 optimam
1466 668 1539 734 lati-

287 772 414 836 nitatem
446 772 579 852 prcxime
611 772 776 836 accederet.
818 773 860 836 Et
880 772 1064 837 Biaueonius
1091 773 1209 855 quidem
1241 771 1410 848 contendit,
1443 769 1538 834 vitam

286 873 351 954 ejus
372 891 436 934 esse
458 873 497 935 sd
517 873 629 955 primos
651 892 747 936 anuos
768 874 900 954 Augusti
921 874 1048 938 Caesaris
1071 874 1257 938 referendam
1279 881 1370 954 atque
1399 873 1438 936 ed
1464 871 1538 934 ‹dlo-

287 973 488 1036 reutissimum
512 975 595 1037 aurei
615 974 716 1038 saculi
738 975 871 1056 apicem»
884 974 922 1060 ¹).
964 975 1080 1040 Contra
1102 975 1187 1038 multi
1210 973 1407 1036 recentiorum
1421 975 1538 1038 reluta-

287 1075 328 1138 tis
350 1073 518 1138 rationibus
539 1075 639 1138 allatis
661 1095 680 1136 a
700 1075 864 1140 Biaoconio
886 1085 917 1138 et
937 1077 975 1140 ab
997 1076 1050 1150 iis,
1076 1075 1125 1157 qui
1148 1095 1213 1138 eum
1237 1074 1332 1136 secuti
1352 1083 1440 1150 sunt,
1468 1073 1539 1138 Cel·

286 1196 352 1240 sum
385 1175 504 1238 Tiberio
526 1177 690 1258 imperante
712 1177 803 1239 luisse
826 1185 935 1258 putant
956 1186 1160 1259 urgentemque
1180 1173 1264 1240 aetati
1286 1175 1486 1240 adnumerant
1498 1173 1538 1260 ²).

286 1277 388 1358 Atque
420 1277 445 1338 si
477 1277 515 1339 ad
542 1278 740 1342 elocutionem
771 1279 851 1342 Celsi
883 1279 1084 1360 respeximus,
1116 1297 1206 1359 quum
1237 1275 1360 1338 difficile
1380 1276 1422 1340 sit
1442 1295 1480 1340 ex
1501 1294 1539 1338 ea

286 1387 366 1442 certe
387 1378 536 1458 colligere,
558 1387 658 1442 utrum
679 1379 789 1442 rectius
809 1379 879 1454 fiat,
900 1380 931 1442 id
952 1388 1053 1442 tamen
1076 1380 1151 1442 satis
1166 1380 1284 1442 videtur
1298 1385 1448 1453 constare,
1470 1395 1536 1440 eam

286 1479 315 1540 iu
340 1479 423 1542 libris
445 1479 507 1558 ejus
529 1498 699 1560 expressam
721 1499 787 1542 esse
809 1481 894 1544 bonas
915 1481 1077 1544 latinitatis
1099 1483 1240 1555 formam,
1263 1498 1328 1561 quae
1348 1486 1403 1542 aut
1424 1478 1463 1542 ad
1482 1497 1538 1540 ex-

286 1589 405 1642 euntem
429 1599 550 1642 auream
572 1588 691 1643 aetatem
713 1581 870 1644 reserenda
891 1582 946 1657 sit,
968 1592 1021 1645 ant
1042 1582 1198 1663 incipienti
1219 1589 1369 1661 argenteae
1390 1581 1539 1644 adnume·
1582 1637 1584 1643 ,

286 1680 488 1744 renidebant.
531 1681 639 1764 Neque
670 1681 747 1744 enirn
774 1692 879 1744 aetates
900 1683 974 1756 illae,
1005 1683 1113 1764 quibus
1134 1682 1234 1745 dirimi
1254 1681 1355 1744 solent
1375 1681 1538 1762 scriptores

286 1781 382 1858 latini,
405 1789 468 1844 tam
490 1791 562 1846 sunt
583 1783 675 1846 arctis
697 1790 728 1846 et
748 1783 816 1844 lixis
838 1783 1069 1864 circumscripta
1091 1784 1215 1857 finibus,
1236 1790 1340 1845 utnon
1358 1781 1400 1844 sit
1413 1781 1444 1844 in
1459 1801 1537 1844 una-

285 1901 400 1965 quaque
421 1901 544 1946 summae
566 1883 706 1945 varietati
728 1883 819 1946 locus.
852 1882 903 1945 An
926 1903 1104 1966 quemquam
1126 1885 1201 1965 fugit
1215 1891 1356 1964 argentea
1369 1883 1421 1946 illa
1435 1891 1536 1956 oetats,

284 1983 333 2046 cui
354 1984 473 2047 Celsum
496 2003 611 2066 quoque
634 1985 886 2048 adnumerandum
910 2004 976 2047 esse
1000 2003 1124 2060 causeo,
1146 1985 1307 2066 scriptores
1321 1983 1537 2064 comprehendi

285 2102 343 2147 nnn
375 2085 493 2166 ingenio
525 2085 619 2148 solum
641 2085 695 2147 sad
717 2086 809 2148 etiam
830 2085 980 2149 scribendi
1002 2104 1107 2165 genere
1129 2086 1215 2150 valde
1236 2084 1415 2148 dissimiles?
1456 2083 1537 2148 Sunt

284 2196 387 2249 autem
408 2185 518 2249 endem
542 2187 642 2250 laudes
665 2187 802 2248 nmrribus
826 2205 884 2250 non
907 2187 1116 2261 concedenda,
1143 2205 1237 2270 neque
1259 2188 1286 2249 si
1308 2204 1385 2248 uuus
1406 2193 1438 2248 et
1459 2185 1537 2248 alter

284 2288 386 2350 multis
418 2287 590 2368 magnisque
623 2287 703 2349 vitiis
736 2288 867 2362 laborat,
899 2289 1008 2351 idcirco
1035 2288 1138 2352 eodem
1161 2289 1247 2352 modo
1269 2296 1316 2350 est
1337 2287 1375 2350 de
1397 2286 1535 2350 omnibus

282 2389 486 2469 judicandum.
530 2389 570 2450 Et
592 2387 671 2451 Celsi
694 2389 811 2469 quidem
831 2408 927 2450 sermo
950 2408 1009 2451 non
1032 2389 1128 2470 magis
1150 2389 1269 2452 videtur
1290 2408 1309 2452 a
1331 2387 1482 2452 Ciceronis
1504 2399 1536 2452 et

285 2489 414 2552 Caesaris
436 2508 593 2550 numerosa
613 2488 666 2551 illa
688 2499 718 2550 et
740 2489 828 2570 plena
851 2489 1072 2570 magnificentia
1093 2490 1220 2566 distare,
1241 2509 1330 2573 quam
1353 2488 1534 2552 erhetoricn

285 2591 351 2652 luco
372 2599 403 2652 et
424 2598 562 2670 corrupto
584 2609 690 2671 genere
711 2590 916 2671 posteriorum.

366 2692 436 2754 Jarn
458 2689 572 2772 siquis
594 2692 629 2752 de
651 2709 787 2754 sermone
810 2691 964 2772 scriptoris
983 2692 1173 2771 judicaturus
1189 2699 1249 2766 est,
1270 2691 1301 2754 id
1316 2693 1372 2756 erit
1386 2692 1534 2774 praecipne

283 2792 548 2864 considerandum,
571 2791 600 2854 in
622 2811 679 2872 quo
702 2792 866 2854 litterarum
881 2812 989 2872 genere
1004 2793 1055 2856 ille
1071 2802 1208 2856 versatus
1223 2793 1265 2856 sit
1279 2802 1311 2855 et
1325 2795 1396 2876 quid
1411 2793 1533 2876 scriptis

283 2894 346 2956 suis
379 2893 507 2956 maxirue
539 2893 653 2956 efficere
681 2893 816 2956 volucrit.
858 2894 932 2957 Inde
954 2893 1033 2958 enim
1055 2894 1205 2958 scribendi
1228 2895 1304 2957 ratio
1325 2895 1463 2977 scriptori
1486 2915 1534 2958 re·

282 2995 412 3074 peteuda
433 3002 495 3068 est,
526 3012 655 3075 suaque,
687 3001 721 3056 ut
742 2993 785 3056 ait
807 2993 1027 3071 Quintilianus,
1054 2997 1159 3078 cuique
1180 2996 1278 3076 generi
1299 2997 1451 3077 proposita
1472 2997 1533 3070 lex,

282 3116 354 3159 snus
376 3095 480 3177 cuique
501 3095 590 3158 decor
611 3102 658 3157 est
673 3094 714 3180 ³).
756 3094 858 3176 Atque
880 3115 970 3178 quum
993 3115 1031 3158 ex
1046 3097 1099 3171 iis,
1121 3117 1187 3178 qnae
1201 3096 1237 3160 de
1251 3106 1425 3177 argumento
1440 3098 1533 3160 libro·

281 3217 346 3260 rum
369 3197 449 3261 Celsi
470 3195 606 3277 exposui,
628 3204 789 3277 appareat,
810 3196 842 3258 id
864 3217 931 3259 enm
953 3206 1122 3278 spectasse,
1155 3207 1190 3262 ut
1214 3196 1387 3262 Graecornm
1409 3197 1532 3260 medici-

284 3317 353 3362 nam
386 3297 533 3362 Romanis
565 3298 802 3371 commendaret,
824 3318 916 3379 genus
938 3318 1054 3381 quoque
1075 3299 1193 3362 dicendi
1214 3307 1390 3380 sequeretur
1410 3317 1533 3362 necesse

283 3408 365 3474 crat,
396 3399 474 3481 quod
507 3397 547 3460 ad
580 3397 610 3459 id
637 3407 716 3460 esset
741 3399 870 3462 maxime
891 3400 1037 3464 idoneum.
1080 3400 1182 3472 Quare
1204 3419 1298 3481 neque
1320 3400 1532 3463 adoraturum

282 3500 470 3582 splendorem
502 3507 533 3561 et
565 3499 816 3579 magnificentiam
848 3501 987 3564 ascendit
1013 3521 1107 3584 neque
1128 3501 1256 3564 orationi
1277 3502 1418 3564 ornandas
1440 3508 1472 3563 et
1493 3501 1532 3564 ad

282 3602 432 3664 rhetorum
455 3617 566 3662 merem
589 3600 808 3662 conformanda
829 3602 959 3677 studuit,
981 3602 1034 3664 ssd
1057 3601 1232 3666 submissius
1253 3601 1401 3683 quoddam
1423 3611 1454 3664 et
1474 3621 1533 3682 pu-

282 3722 347 3766 rum
369 3711 459 3782 atque
480 3700 639 3763 candidum
660 3719 753 3780 genus
775 3702 952 3783 assumpsit,
973 3703 1050 3784 quod
1072 3704 1111 3766 ad
1131 3703 1206 3766 artis
1221 3709 1370 3784 praecepta
1383 3701 1532 3766 tradenda

283 3803 473 3884 aptissimum
505 3820 570 3863 essa
603 3801 759 3863 videretur.
809 3802 877 3864 Nun
908 3804 1000 3884 igitur
1022 3805 1101 3884 apud
1123 3823 1190 3866 eum
1211 3804 1359 3866 inveneris
1380 3803 1532 3868 Ciceronis

282 3905 477 3967 elocutionem
498 3902 639 3982 grandem
652 3910 692 3980 et
713 3902 803 3964 altius
825 3913 1035 3984 exaggeratam
1057 3913 1110 3968 aut
1131 3905 1275 3986 longiores
1296 3903 1363 3968 illas
1386 3912 1417 3968 st
1444 3903 1532 3987 quasi

281 4005 426 4069 rotundas
448 4003 605 4066 verborum
628 4001 766 4066 ambitus.
810 4004 918 4068 Studio
940 4005 1017 4070 enim
1040 4006 1147 4070 ductus
1170 4025 1216 4068 res
1238 4005 1368 4070 breviter
1389 4025 1425 4069 ac
1452 4005 1532 4070 dilu-

332 4185 350 4260 ¹)
373 4189 487 4245 loannis
508 4188 641 4247 Ludovici
661 4189 807 4248 Bianconii
826 4192 954 4264 Epistola
975 4192 1009 4248 de
1031 4190 1102 4248 Celsi
1124 4194 1216 4250 atate.
1260 4193 1337 4250 Inest
1358 4190 1388 4248 in
1410 4191 1530 4256 editione

282 4275 752 4434 Taiioeihathglilillilhztijulgshih
773 4363 808 4418 da
834 4363 953 4420 Cornelii
980 4363 1051 4421 Celsi
1077 4368 1173 4432 atate,
1207 4364 1282 4435 Lips.
1309 4364 1401 4420 1824.
1445 4365 1529 4420 Bern-

281 4451 382 4521 hardy,
406 4447 553 4504 Crnndriss
575 4449 623 4504 der
645 4449 810 4508 Romischen
832 4451 995 4508 Litteratur.
1040 4453 1144 4520 Ritter,
1166 4451 1207 4507 l.l.
1230 4451 1260 4508 in
1281 4451 1431 4524 prooemio.
1469 4453 1530 4508 Kie-

282 4537 346 4602 sel.,
370 4535 411 4590 l.l.
434 4553 501 4606 pag.
526 4537 563 4592 57
588 4553 649 4606 sqq.

326 4617 351 4694 ³)
372 4621 441 4680 Inst.
466 4621 512 4680 Or.
539 4623 588 4690 10,
613 4624 642 4688 2,
667 4623 717 4678 22.
