3450 5310
269 427 308 484 89
782 427 813 488 Ο.
836 433 869 490 Α.
893 431 1005 488 Brolin.

266 622 332 684 qnoe
354 602 520 684 alius·quis
541 601 638 665 dicere
660 603 708 664 val
729 603 841 668 sentire
862 603 1023 668 iudicatur.
1066 602 1133 664 Hoc
1154 601 1235 682 apud
1250 599 1441 672 historiarum
1457 619 1523 662 rna-

265 703 345 766 xime
367 703 528 784 scriptores
550 703 698 766 interdnm
721 703 798 777 fieri,
820 713 1011 769 commonent
1030 695 1273 792 grammatici1).
1315 703 1350 764 In
1373 699 1524 782 prooemio

266 805 333 866 libri
356 804 460 886 primi,
480 803 532 867 ubi
554 804 725 884 expositum
748 813 812 881 est,
833 827 899 890 quae
921 805 957 868 de
979 804 1128 867 medicina
1149 804 1270 866 diversa
1289 801 1439 866 sentirent
1460 819 1525 862 ure-

269 903 402 968 dicorum
425 913 527 979 sectae,
549 925 614 987 quae
628 913 692 969 tum
715 916 816 982 eraut,
837 907 987 989 permulta
1001 914 1071 968 sunt
1085 903 1173 984 hujus
1187 903 1230 966 rei
1249 902 1396 986 exempla.
1428 900 1526 965 Velut

264 1023 333 1087 pag.
355 1006 374 1068 3
398 1005 489 1069 meda
521 1025 616 1090 neque
648 1005 800 1088 (credunt)
832 1028 893 1072 essa
922 1005 1062 1081 dubiam,
1094 1004 1170 1090 quin
1190 1001 1254 1068 aiio
1275 1001 1429 1066 curatione
1449 1021 1526 1085 opus

265 1106 319 1181 sit,
350 1105 378 1168 si
409 1126 447 1169 eo
468 1115 609 1190 quattuor
627 1106 790 1192 principiis
811 1107 856 1172 oei
876 1127 1025 1192 superans
1045 1104 1164 1190 aliquid
1186 1103 1230 1169 oei
1251 1103 1392 1192 deficiens
1413 1101 1525 1166 adaer-

264 1227 332 1270 sam
353 1203 553 1270 oakwdinem
575 1217 673 1272 creat
694 1243 753 1283 —,
784 1207 865 1286 alic,
897 1209 925 1271 ei
949 1209 982 1271 in
1004 1206 1138 1271 humidis
1160 1225 1246 1270 omna
1266 1205 1373 1268 uitium
1394 1212 1446 1268 ast
1466 1237 1525 1278 -,

179 1347 182 1354 ι
264 1305 342 1384 aiio,
364 1307 392 1370 si
413 1307 537 1392 sarepuis
558 1308 591 1370 in
613 1329 663 1371 eas
684 1329 790 1385 nenas,
812 1331 878 1395 quae
900 1309 1025 1394 spiritui
1045 1306 1273 1372 accommodatae
1293 1315 1372 1381 runt,
1404 1313 1526 1368 trans·

257 1406 443 1497 funditor
463 1417 491 1471 et
510 1405 792 1492 inflammationem,
813 1433 907 1496 qaam
928 1405 1030 1474 Greci
1051 1406 1235 1493 φλεγμονήν
1261 1407 1436 1481 nominant,
1463 1425 1525 1468 aa·

265 1507 372 1588 citat,
394 1529 488 1594 eaque
507 1505 708 1593 inflammatio
729 1509 818 1574 taiem
832 1520 945 1575 motum
966 1509 1116 1600 efficit,
1138 1508 1238 1596 qualis
1250 1505 1384 1595 infabre
1405 1516 1461 1571 aet
1474 1543 1526 1583 —,

264 1607 341 1685 aiio,
373 1607 402 1672 si
432 1611 590 1672 maronia
616 1609 795 1695 corpuscula
817 1633 877 1698 per
898 1609 1064 1675 invisibilia
1078 1610 1242 1698 foramina
1263 1607 1447 1672 subnotanda
1467 1607 1526 1672 tter

264 1709 447 1773 claudant
468 1745 518 1773 —.
540 1711 586 1773 Ib.
609 1729 637 1792 p.
660 1713 680 1774 3
702 1721 795 1781 exta:
827 1733 921 1799 neque
952 1713 1093 1778 interesse
1127 1711 1350 1792 (contendunt),
1381 1730 1423 1772 an
1445 1729 1526 1772 anna

263 1810 329 1896 jam
347 1809 493 1897 pleraque
513 1809 672 1896 eaplorata
693 1812 768 1888 siat,
789 1816 817 1878 si
836 1837 856 1877 a
877 1811 1000 1878 oonsilio
1021 1825 1120 1878 tamen
1141 1820 1353 1900 caeperunt.
1387 1811 1441 1874 Oir
1457 1829 1525 1891 pag.

263 1913 294 1987 4,
315 1913 356 1974 22
370 1931 448 1994 sqq.;
471 1931 537 1994 pag.
559 1911 589 1988 6,
612 1913 648 1975 11
665 1933 729 1996 sqq.
738 1933 747 1992 ;
769 1935 838 1998 pag.
861 1907 891 1989 ’1,
913 1915 954 1978 25
970 1933 1050 1997 sqq.;
1072 1935 1138 1998 pag.
1161 1913 1264 1990 8,10;
1284 1929 1354 1994 pag.
1368 1909 1459 1976 ltin.
1481 1911 1525 1988 ΙΙ,

266 2015 305 2077 10
327 2033 354 2096 p.
376 2013 428 2086 ot,
451 2011 486 2077 9:
509 2010 618 2098 Neque
637 2013 760 2100 ipnoro,
781 2015 928 2102 quosdam
949 2015 1061 2092 dicere,
1092 2037 1186 2101 quam
1207 2011 1526 2098 ionpiesimasanpai·

263 2135 332 2178 nem
352 2113 439 2188 inde,
460 2113 513 2178 ate·
533 2112 653 2190 ladit,
675 2137 737 2179 esse
757 2117 950 2194 mittendum,
972 2117 1016 2180 sic
1036 2118 1118 2181 enim
1132 2117 1229 2180 averti
1243 2113 1377 2178 materia
1390 2133 1525 2188 cursam,

262 2213 367 2278 atilio
388 2214 477 2277 modo
498 2213 532 2277 in
552 2214 587 2277 id
607 2216 723 2300 speum,
745 2219 827 2302 qnod
844 2226 995 2301 procat,
1018 2217 1144 2282 waraei
1167 2217 1216 2291 II,
1239 2215 1278 2279 14
1298 2234 1328 2297 p.
1350 2212 1401 2288 59,
1423 2213 1465 2276 24
1477 2211 1525 2301 fi-

262 2316 399 2380 nicatur.
421 2316 487 2390 ΙΙΙ,
509 2314 529 2380 6
551 2334 580 2398 p.
601 2316 652 2392 85,
676 2319 714 2380 10
728 2317 810 2382 bibit.
832 2319 879 2382 lb.
901 2338 930 2400 p.
952 2317 1008 2394 85,
1032 2319 1071 2382 18
1092 2317 1186 2382 iroiet.
1208 2318 1272 2393 ΙΙΙ,
1294 2316 1335 2378 20
1355 2335 1386 2397 p.
1401 2313 1470 2389 104,
1483 2311 1526 2376 26

262 2415 397 2480 decessit.
420 2417 483 2492 ΙΙΙ,
504 2416 546 2479 24
566 2416 607 2480 in.
640 2421 822 2503 supervenit,
854 2421 961 2484 oritur.
990 2420 1046 2496 IV,
1066 2416 1087 2483 'i
1108 2421 1159 2482 fin.
1181 2427 1276 2504 serpat.
1308 2413 1526 2492 v11,llaoi

261 2537 360 2602 puras
380 2525 432 2582 est.
1157 2537 1161 2546 ·

348 2619 384 2682 In
407 2617 502 2682 modis
524 2619 670 2701 ponendis
691 2629 760 2700 post
780 2621 944 2703 particulas
967 2621 1155 2686 concessivae
1170 2639 1355 2706 quamquam
1370 2626 1524 2702 atquem-

263 2718 310 2782 vis
342 2719 447 2783 Celsus
476 2739 496 2782 a
517 2731 653 2784 veterum
674 2722 780 2784 solutae
802 2721 947 2785 orationis
969 2723 1147 2804 scriptorum
1171 2719 1385 2784 cousuetudine
1407 2718 1524 2782 discre-

262 2829 333 2904 pat,
364 2829 472 2902 poetas
504 2830 536 2884 et
567 2822 748 2901 posteriores
781 2833 911 2886 secutus.
965 2819 1160 2908 Quamquam
1185 2841 1246 2885 uno
1268 2822 1332 2884 laco
1354 2818 1435 2902 apud
1457 2837 1524 2882 euru

264 2929 325 2995 ast,
358 2921 409 2983 ubi
441 2921 651 3001 conjunctivus
678 2921 825 3004 sequitur:
854 2925 869 2986 1
892 2943 1022 3005 prooem.
1045 2923 1125 3004 p.8,
1147 2922 1188 2987 25
1215 2919 1410 3008 Quamnam
1429 2918 1525 3004 ipiner

263 3019 356 3084 muita
377 3021 438 3084 sint
459 3022 501 3084 ad
521 3023 605 3106 ipsas
626 3031 706 3087 artes
722 3023 851 3108 proprie
872 3045 932 3087 non
951 3025 1142 3109 perinentia.
1184 3025 1301 3088 Contra
1326 3022 1466 3107 quamvis
1487 3021 1524 3084 de

265 3141 296 3185 re
319 3141 392 3186 vera
413 3132 584 3203 usurpatur,
606 3123 658 3187 ubi
679 3134 795 3188 veteres
817 3146 1003 3210 quamquam
1025 3135 1149 3208 ponunt.
1192 3123 1366 3206 Saepissime
1388 3121 1525 3204 sequitur

262 3223 456 3298 indicativus,
478 3225 560 3287 velut
581 3225 597 3288 Ι
618 3245 748 3308 prooem.
770 3247 799 3308 p.
822 3225 852 3303 9,
874 3221 915 3292 27
937 3224 1083 3306 Quamvis
1103 3249 1141 3291 ne
1162 3226 1223 3291 irae
1243 3223 1366 3312 quidem
1386 3221 1430 3286 eie
1439 3241 1524 3306 pra·

264 3323 353 3388 teriri
383 3323 503 3401 debent,
535 3327 624 3411 qnasi
654 3324 771 3390 nuliam
802 3329 1033 3391 caretrocersiam
1058 3328 1215 3412 recipiant.
1249 3327 1295 3402 ΙΙ,
1320 3325 1333 3388 l
1358 3345 1387 3406 p.
1410 3321 1461 3399 29,
1486 3323 1521 3386 il

262 3423 375 3510 Neque
406 3424 492 3490 alind
523 3425 621 3511 mapis
653 3437 769 3512 tempus
785 3427 964 3514 pestilentia
979 3438 1082 3513 patet,
1113 3429 1327 3514 cujuscumque
1347 3423 1524 3510 saponaria

264 3534 319 3600 ast,
342 3526 482 3610 quamvis
503 3529 599 3590 variis
619 3527 789 3590 rationibus
810 3537 900 3592 nocet.
943 3529 1162 3610 Oonjunctivus
1184 3538 1254 3612 post
1275 3525 1414 3613 quamvis
1428 3526 1523 3588 multo

264 3625 360 3690 rarior
381 3639 442 3691 est:
475 3627 644 3710 Iprooem.
667 3649 695 3710 p.
716 3627 747 3702 8,
769 3623 810 3692 27
834 3627 943 3713 Itaque
966 3629 1026 3693 ista
1052 3649 1170 3715 quoqne
1190 3639 1430 3692 ueteranorum
1451 3645 1524 3690 aon·

263 3724 431 3812 temptatio,
452 3729 591 3813 quamuis
612 3749 672 3791 non
686 3728 789 3816 faeiat
809 3729 969 3804 medicum,
991 3731 1139 3815 aptiorem
1160 3739 1260 3794 umen
1280 3729 1437 3793 raduine
1450 3725 1524 3792 red·

264 3827 319 3890 dit.
341 3828 374 3891 II
395 3847 526 3910 prooem.
549 3849 642 3914 quum
662 3830 839 3893 recentiores
859 3829 985 3904 medici,
1017 3831 1156 3916 quamvis
1177 3831 1316 3917 quadarn
1336 3829 1370 3892 in
1390 3826 1524 3892 caraio-

263 3925 353 3992 nibus
374 3929 533 4005 mutarint,
555 3939 655 3994 tamen
676 3929 737 3994 tae
757 3928 844 3994 iilum
865 3930 974 4016 optime
990 3933 1171 4016 praecepisse
1184 3931 1354 4018 fateantur.
1383 3931 1430 4007 ΙΙ,
1451 3928 1472 3993 8
1492 3948 1522 4012 p.

264 4029 306 4094 48
327 4029 369 4093 in.
390 4031 439 4106 ΙΙ,
464 4029 503 4093 18
524 4051 553 4112 p.
576 4029 627 4107 64,
649 4032 699 4096 31.
721 4033 786 4108 111,
810 4031 849 4096 18
870 4051 899 4115 p.
920 4031 971 4108 98,
992 4033 1044 4096 21.
1066 4028 1168 4109 Iv,7
1188 4035 1239 4098 iio.
1261 4033 1356 4106 VIII,
1379 4029 1419 4094 14
1439 4031 1490 4094 iiu.

348 4131 384 4194 Iu
407 4131 533 4196 formula
554 4151 615 4195 nan
636 4131 716 4218 prend
735 4167 778 4180 -
798 4132 852 4196 sart
872 4131 946 4218 quia
967 4133 1073 4197 Celsus
1094 4153 1213 4218 semper
1232 4135 1263 4198 in
1286 4142 1413 4214 utroque
1426 4149 1523 4194 mern-

265 4231 319 4294 bro
340 4231 443 4296 eodem
466 4233 555 4296 modo
576 4233 681 4309 utitur,
702 4233 872 4316 etquidem
894 4233 1058 4298 indicativo
1080 4255 1139 4300 uno
1161 4237 1226 4300 loco
1247 4235 1310 4310 111,
1331 4232 1351 4296 n
1372 4251 1400 4314 p.
1415 4231 1467 4307 83,
1483 4232 1522 4294 13

264 4351 325 4394 non
355 4332 429 4416 quia
460 4353 550 4398 mane
580 4343 636 4410 aet,
669 4333 722 4398 aad
746 4333 821 4418 qnia
840 4333 979 4399 amnuo
999 4343 1057 4412 eet,
1078 4337 1131 4400 ubi
1152 4335 1316 4401 indicatIvo
1337 4333 1523 4418 significatur

264 4451 368 4497 veram
391 4453 456 4497 esse
477 4433 509 4497 id
530 4453 662 4518 quoque,
683 4433 762 4518 quod
783 4434 813 4498 in
835 4435 933 4519 prima
954 4438 1067 4502 causali
1089 4439 1241 4503 annuntia
1260 4435 1392 4520 ponitur,
1413 4453 1521 4516 quaar-

315 4643 336 4718 ¹)
357 4649 451 4707 Madv.
475 4651 493 4718 ἕ
516 4651 576 4708 389
601 4669 666 4709 ann.
690 4654 720 4711 2.
