3450 5310
578 411 619 467 Du
640 411 796 470 uloontioue
817 411 851 469 Δ.
874 410 995 468 Cornelii
1015 409 1097 468 Geloi.
1430 411 1469 466 93

216 601 304 665 quum
337 601 396 648 uuu
428 589 512 646 reatu
539 603 592 666 pro
619 603 716 674 onnus
734 583 897 648 assumitur
909 579 950 669 ¹).
994 583 1110 666 Soepius
1131 583 1161 646 in
1184 591 1309 666 utruque
1331 583 1471 647 enuntia·

215 683 296 748 tione
318 683 541 764 conjunctivum
563 687 676 768 posuit:
697 687 729 750 II
750 705 880 768 prooem.
903 682 977 748 Non
998 684 1081 769 qnod
1101 705 1162 748 non
1182 684 1267 747 omni
1287 694 1418 768 tempore
1431 721 1471 730 -

216 794 243 848 et
262 793 404 869 aprotent
425 792 452 848 et
473 785 653 862 moriantur,
675 786 728 850 sed
749 785 831 872 qnod
844 783 1038 871 frequentino
1058 795 1158 848 tamen
1172 785 1313 870 quadam
1328 786 1471 849 eveniant.

215 886 278 960 ΙΙΙ,
300 887 321 948 2
342 904 370 967 p.
393 881 444 960 76,
464 885 506 950 28
538 885 613 952 Non
644 907 703 973 qno
734 907 794 952 non
825 886 978 950 interdum
1003 886 1038 948 id
1064 885 1191 962 ineidat,
1223 886 1277 950 sed
1297 905 1355 972 qno
1377 885 1473 970 (qnod

215 987 351 1050 sasibunt
371 987 487 1068 Turpe,
504 983 623 1072 liitter)
644 989 756 1074 sapim
768 985 881 1072 fallat,
902 985 1023 1072 solaque
1049 985 1228 1052 abstinentia
1249 987 1314 1051 sine
1334 984 1395 1050 alio
1411 1007 1470 1071 pe·
1539 1020 1542 1026 ·

215 1083 310 1151 nesto
340 1087 504 1152 medeatur.
525 1089 589 1164 ΙΙΙ,
610 1088 632 1151 4
652 1109 682 1171 p.
703 1088 761 1164 81,
782 1089 823 1152 30
854 1109 915 1152 non
946 1107 1005 1172 qno
1037 1087 1133 1172 (qnod
1154 1089 1273 1169 Targa,
1294 1085 1389 1172 Ritt.)
1410 1107 1472 1151 non

214 1185 255 1250 sit
283 1185 438 1252 interdum
469 1189 620 1253 maturius
641 1189 725 1254 eibos
746 1189 869 1254 dandus
889 1225 943 1264 -,
974 1187 1028 1252 sed
1049 1209 1107 1273 qna
1129 1187 1224 1274 (qnod
1244 1189 1353 1269 Targa.
1374 1184 1471 1274 Ritt.)

212 1285 322 1354 natine
342 1309 436 1374 qaam
456 1289 617 1354 somssimo
637 1289 710 1354 dari
728 1289 842 1355 debeat.
863 1291 942 1366 VII,
963 1288 994 1364 4,
1016 1290 1036 1352 3
1057 1309 1118 1354 non
1139 1311 1197 1374 qno
1213 1289 1416 1374 perniciosior
1428 1287 1473 1353 ibi

213 1387 267 1463 sit,
297 1390 351 1454 sed
382 1409 441 1474 qno
472 1387 560 1455 alteri
586 1389 722 1476 perionlo
746 1389 843 1455 losum
857 1391 967 1476 faeiat.
990 1390 1068 1465 VII,
1093 1390 1132 1454 16
1152 1391 1194 1454 iu.
1216 1410 1276 1454 non
1297 1389 1378 1476 qnod
1399 1392 1472 1476 (qno

114 1569 118 1578 Ι
214 1488 309 1574 Ritt)
330 1499 412 1553 nerto
423 1488 546 1574 fidneia
565 1493 619 1567 sit,
639 1493 693 1558 sed
713 1493 794 1578 qnod
813 1491 908 1555 dubia
928 1511 996 1576 spes
1016 1499 1098 1555 oerta
1119 1491 1326 1578 desperatione
1351 1491 1391 1554 sit
1411 1511 1472 1576 po·

212 1589 283 1654 tior.
304 1590 383 1666 VII,
404 1591 446 1654 20
467 1611 496 1674 p.
516 1591 590 1668 301,
615 1593 653 1656 18
673 1613 734 1656 non
754 1612 812 1678 qno
833 1591 955 1656 enelndi
975 1615 995 1656 a
1016 1601 1112 1656 serato
1133 1613 1194 1656 non
1210 1593 1397 1678 possint-,
1419 1591 1473 1656 sed

213 1689 297 1774 qnod
317 1693 392 1774 (qno
405 1691 521 1772 Targa,
535 1691 630 1779 Ritt.)
651 1691 775 1778 repnisa
796 1693 973 1779 inpninibns
994 1693 1190 1757 immorentur
1211 1692 1312 1777 ibique
1326 1701 1471 1756 tumorem

213 1793 349 1856 sermm.
371 1793 451 1867 VII,
472 1792 529 1867 26,
550 1795 571 1856 2
591 1795 631 1858 in.
655 1793 730 1858 Non
749 1815 810 1880 qno
830 1816 891 1858 non
912 1794 1065 1870 interdum
1086 1795 1176 1858 etiam
1198 1794 1358 1858 temeraria
1372 1792 1471 1856 medi-

214 1892 286 1956 oino
304 1891 460 1980 proficiat,
481 1893 534 1957 sed
554 1915 614 1978 qno
635 1896 747 1981 sapius
767 1895 869 1980 ntique
890 1895 924 1960 in
944 1895 1000 1960 iseo
1013 1892 1117 1977 fatiat.
1138 1895 1235 1969 VIII,
1257 1895 1276 1956 3
1297 1914 1327 1976 p.
1343 1891 1414 1968 331,
1429 1892 1471 1957 29

212 2013 274 2056 non
294 2013 354 2077 qno
373 2013 437 2058 non
457 1993 553 2058 subsit
574 1993 678 2081 aliqua
699 1996 807 2060 uitiosa
827 1997 941 2073 sanies,
963 1998 1017 2062 sed
1036 1996 1181 2081 qnoniam
1201 1993 1245 2060 tos·
1265 2005 1297 2057 nt
1317 1996 1351 2057 in
1365 1992 1472 2058 latiore

213 2093 282 2158 sede
302 2093 426 2182 dissum
447 2096 495 2160 sit.

595 2317 598 2322 Α
717 2289 760 2358 Du
783 2290 981 2374 temporinos.

296 2415 403 2480 celsus
424 2415 475 2478 ubi
497 2415 646 2500 prmoipit,
678 2418 825 2500 quomodo
848 2417 918 2498 aegri
939 2416 1074 2480 homines
1096 2415 1219 2480 nutandi
1241 2417 1317 2492 siut,
1346 2417 1376 2480 in
1398 2437 1468 2482 ssu-

212 2516 318 2580 tuutiis
339 2516 588 2582 conditionalibus
610 2507 762 2582 conuentit
784 2519 915 2582 loturum
937 2523 1077 2582 exustum
1092 2517 1138 2603 (iu
1154 2527 1258 2582 enuut.
1275 2516 1470 2606 secundaria)

213 2625 246 2682 st
266 2618 397 2682 intusum
419 2616 547 2698 simplex
569 2618 615 2705 (in
638 2628 741 2682 enuut.
763 2618 933 2702 primaria),
955 2619 1028 2682 bina
1043 2620 1144 2682 lutura
1157 2619 1315 2701 simplicia,
1337 2621 1471 2684 futurum

212 2727 353 2782 exactum
386 2729 418 2784 et
450 2729 579 2800 prmsens
613 2718 812 2804 (conjunctivi
831 2719 940 2803 jussivi
962 2729 1017 2783 aut
1036 2719 1192 2784 indicativi
1213 2720 1284 2784 talis
1306 2721 1407 2798 verbi,
1438 2721 1470 2784 in

213 2837 273 2902 quo
295 2820 386 2884 futuri
409 2820 553 2901 temporis
574 2819 753 2902 significatio
774 2821 869 2886 inest:
902 2820 1000 2896 debet,
1032 2829 1160 2905 oportet,
1185 2821 1380 2902 gerundivum
1403 2841 1471 2886 oum

212 2924 285 3002 est),
306 2922 469 3003 perlectum
490 2920 580 2985 indic.
603 2930 635 2986 et
655 2942 786 3004 praesous
808 2922 913 2996 indie..
941 2923 999 2986 dno
1021 2921 1180 3004 praesentin
1200 2921 1290 2986 indie.
1313 2959 1351 2971 -
1373 2922 1470 2988 Paulo

106 3081 110 3090 ,
211 3020 388 3086 insolentior
419 3031 466 3085 ost
497 3031 664 3104 temporum
687 3023 858 3104 conjunctio
879 3018 978 3100 1v,.7
999 3041 1028 3104 p.
1053 3023 1128 3098 130,
1150 3021 1182 3085 9:
1214 3019 1331 3100 Qndms
1357 3023 1386 3087 si
1409 3041 1470 3086 non

205 3119 338 3207 snsrit
359 3143 437 3206 aper
458 3121 594 3205 adjutas,
615 3123 691 3189 seire
712 3122 801 3188 lieet
820 3123 900 3188 malo
921 3124 1032 3188 oietnm
1052 3143 1122 3188 esse.
1143 3123 1202 3199 IV,
1223 3125 1264 3186 22
1286 3143 1315 3205 p.
1336 3123 1395 3186 148
1409 3123 1468 3188 im:

210 3219 357 3308 ionpoque
377 3231 510 3310 tempore
530 3222 565 3285 id
585 3221 714 3300 moisem,
736 3245 831 3308 qnnm
851 3226 1141 3301 inveteraverit,
1170 3233 1223 3288 ant
1243 3222 1349 3288 tollit
1370 3224 1468 3290 homi·
1516 3295 1518 3300 ,

212 3343 282 3388 nem
302 3333 369 3399 ant,
390 3323 510 3388 etiamsi
521 3322 643 3410 finitur,
666 3326 827 3390 emerserint.
849 3327 948 3402 VIII,
965 3327 1003 3390 14
1018 3327 1074 3390 in.:
1096 3324 1138 3388 In
1151 3333 1253 3388 otram
1264 3330 1388 3408 partem
1408 3346 1469 3390 ea-

211 3422 379 3488 siderint
410 3423 594 3508 (vertebris),
625 3449 645 3490 a
673 3427 839 3512 posteriore
864 3437 956 3514 parte
986 3425 1032 3492 oet
1052 3435 1152 3492 tnmor
1171 3426 1218 3492 vei
1237 3425 1321 3490 sinus
1342 3427 1470 3492 oritur

213 3523 283 3612 (obi
303 3533 403 3590 tumen
432 3528 548 3610 Targa,
579 3527 681 3592 Rittor
712 3529 848 3593 scribunt
874 3528 931 3594 erit
956 3526 1139 3610 promitur,
1170 3528 1249 3612 qnod
1271 3527 1354 3592 nulla
1374 3529 1470 3594 ellan

212 3626 331 3692 ustione
351 3627 494 3692 Duromb.
516 3625 706 3714 assumpsit).

296 3727 333 3792 Iu
354 3728 557 3794 somersetiam
576 3739 745 3816 temporam
766 3749 856 3812 quum
879 3729 999 3792 omniuo
1022 3729 1128 3794 Celsus
1150 3736 1285 3792 veterum
1306 3737 1469 3794 eonsuetu-

211 3827 314 3892 dinem
345 3837 504 3912 suquatur,
536 3830 582 3894 his
610 3831 682 3894 locis
703 3831 742 3894 ab
765 3851 802 3893 es
824 3831 958 3894 nonnihil
980 3830 1100 3894 videtur
1120 3830 1270 3900 recedere:
1291 3832 1355 3906 III,
1379 3830 1418 3894 18
1439 3851 1468 3914 p.

211 3925 269 4005 99,
292 3928 330 3993 15
352 3928 546 4014 Asclepiades
562 3931 692 4014 perinde
713 3952 775 3996 esso
795 3930 875 3994 diait
895 3930 943 3994 ln's
963 3931 1140 4015 sanpninem
1161 3930 1253 4006 mitti,
1284 3952 1320 3994 ao
1340 3931 1368 3994 si
1388 3939 1470 3994 irn-

208 4029 401 4096 aidsntnr.
423 4031 468 4094 Ib.
491 4050 520 4112 p.
544 4032 613 4106 100,
635 4032 688 4095 33:
706 4051 765 4118 per
785 4029 863 4095 hano
883 4033 963 4096 enim
985 4033 1091 4114 (dinis)
1112 4053 1166 4096 nos
1187 4039 1410 4108 oonseentnros,
1436 4040 1470 4094 nt

210 4151 335 4195 *somnne
355 4130 520 4196 aooedat.
553 4132 619 4207 111,
641 4133 680 4196 21
703 4152 733 4214 p.
757 4131 827 4206 109,
848 4131 869 4196 9
895 4130 1074 4218 frustraque
1095 4131 1317 4213 (Erasistratus
1336 4130 1471 4218 poturit)

213 4253 329 4317 aquam
350 4231 460 4308 emitti,
480 4252 547 4316 qna
567 4229 670 4296 vitiato
691 4230 743 4296 iilo
763 4231 890 4297 subinde
910 4243 1098 4298 naseatnr.
1124 4235 1202 4310 VII,
1225 4233 1265 4296 14
1286 4234 1328 4296 in.
1360 4229 1469 4297 Heron

212 4333 352 4400 omnibns
373 4333 421 4398 isis
441 4341 571 4418 qnatnor
587 4332 698 4420 positis
718 4343 746 4397 et
766 4335 878 4400 omenti
898 4337 1076 4400 retentionem
1096 4331 1200 4398 habuit
1220 4343 1248 4398 et
1275 4333 1356 4420 ejus,
1387 4331 1469 4418 qnod

215 4433 307 4498 simnt
325 4445 354 4502 et
373 4443 523 4500 ensentnm
543 4441 571 4498 st
590 4433 765 4502 intestinum
785 4435 969 4500 habuerit.
991 4472 1030 4484 -
1052 4431 1245 4519 Quamquam
1266 4435 1343 4500 satis
1364 4443 1468 4498 notum

265 4631 353 4711 nan
374 4635 513 4708 neuun,
536 4655 655 4713 gramm.
678 4637 695 4708 s
718 4637 781 4697 nso
804 4653 869 4696 sun.
895 4639 924 4696 s.
1315 4723 1335 4788 5
