3450 5310
497 1233 542 1340 lle
570 1233 777 1340 elocutione
806 1232 838 1338 l.
870 1231 1028 1340 loruclii
1058 1230 1158 1337 loiri.

771 1511 888 1588 scripsit

718 1663 749 1732 t.
772 1663 805 1730 l.
829 1662 946 1732 Broltn.

207 1959 376 2090 Quisquis
398 2008 525 2090 linguam
548 2009 679 2092 aliquam
701 2011 821 2092 penitus
843 2027 1021 2091 cognoscere
1042 2007 1136 2084 volat,
1164 2007 1192 2069 ei
1217 2006 1374 2072 nonsatis
1396 2007 1454 2070 erit

202 2112 296 2184 scire,
328 2109 424 2191 qualis
456 2111 507 2174 illa
539 2112 619 2192 apud
650 2131 741 2174 unum
769 2111 919 2195 quendam
941 2110 1117 2192 scriptorem
1140 2117 1195 2172 aut
1215 2116 1301 2172 certa
1322 2108 1452 2190 quadam

201 2220 293 2276 aetate
315 2211 420 2287 fuerit,
442 2212 495 2274 aad
517 2213 608 2275 etiarn
630 2214 820 2294 quarendum
842 2213 914 2286 erit,
940 2231 1001 2294 qua
1027 2209 1144 2272 ratione
1165 2209 1207 2272 sit
1227 2209 1355 2274 diversis
1375 2217 1454 2272 teru-

202 2313 326 2394 poribus
358 2313 480 2375 exculta
511 2321 602 2396 atque
624 2315 819 2378 conformata
860 2314 965 2394 Neque
986 2310 1066 2374 anim
1087 2310 1189 2391 lingua
1209 2312 1316 2374 eadem
1336 2329 1455 2391 semper

204 2423 294 2494 atque
315 2412 475 2476 immutata
497 2423 616 2490 manet,
638 2415 692 2477 sed
713 2423 748 2478 ut
768 2413 944 2496 populorum
966 2411 1058 2476 animi
1073 2419 1105 2473 et
1119 2429 1217 2474 mores
1231 2431 1286 2494 per
1299 2411 1454 2474 homiuum

204 2521 311 2576 aetates
342 2513 470 2576 multum
503 2521 734 2589 commutantur,
765 2515 810 2578 ita
831 2514 938 2595 lingum
960 2531 1074 2597 quoque
1096 2513 1196 2575 iormae
1217 2512 1304 2594 longe
1326 2511 1453 2574 divarsae

202 2622 371 2695 temporum
404 2634 491 2678 cursu
523 2615 673 2678 exsistant
705 2633 827 2678 necesse
854 2623 909 2678 est.
952 2615 1032 2677 Nam
1055 2613 1203 2694 ingenium
1226 2613 1327 2696 populi
1348 2611 1454 2674 unius·
1520 2669 1521 2672 ,

201 2715 345 2796 cuj-usque
366 2715 397 2777 in
420 2715 521 2796 lingua
543 2716 628 2798 quasi
650 2735 735 2780 suam
756 2716 851 2797 ipsius
871 2713 1031 2796 imaginem
1052 2713 1193 2796 exprimit
1213 2721 1303 2796 atque
1325 2712 1454 2794 effingit,

202 2833 261 2898 qua
282 2816 507 2878 accuratissime
529 2815 706 2891 declaretur,
729 2816 826 2899 qualis
848 2815 889 2878 sit
909 2817 1002 2880 totius
1024 2814 1126 2896 populi
1146 2813 1264 2877 indoles
1286 2822 1375 2896 atqua
1395 2832 1454 2875 na-

201 2923 278 2978 tura.
310 2916 352 2978 Et
373 2935 463 2998 quum
486 2935 587 2980 omues
608 2917 719 3000 populi,
740 2926 900 3000 postquam
922 2935 943 2978 a
963 2918 1027 2980 fera
1048 2923 1080 2978 et
1100 2915 1211 2996 agresti
1232 2915 1297 2977 vita
1317 2915 1356 2978 ad
1377 2933 1453 2988 eam,

202 3035 292 3097 quam
323 3017 442 3097 assequi
472 3027 614 3098 possunt,
648 3018 866 3082 humanitatem
900 3027 931 3080 et
963 3017 1074 3080 cultum
1096 3024 1313 3096 pervenerunt,
1345 3014 1451 3078 deinde

202 3115 333 3177 moribus
354 3117 524 3200 viribusque
543 3117 689 3200 corruptis
710 3139 814 3182 rursus
835 3119 986 3194 labantur,
1008 3125 1072 3180 tum
1093 3116 1124 3178 iu
1145 3135 1282 3180 sermone
1295 3117 1375 3179 idem
1388 3115 1467 3180 fieri.

202 3224 439 3280 consentaneum
472 3227 535 3294 est,
566 3227 601 3282 ut
632 3238 723 3300 quum
754 3239 775 3282 a
800 3221 868 3283 rudi
892 3219 977 3282 initio
1004 3218 1044 3282 ad
1066 3235 1216 3280 summam
1236 3216 1449 3298 perfectionem

201 3317 350 3380 adductus
382 3327 444 3394 est,
475 3319 580 3382 deiude
605 3339 719 3383 morum
747 3320 900 3384 hominum
921 3318 1118 3401 corruptelam
1139 3325 1283 3400 sequatur
1302 3316 1450 3381 sermonis

201 3419 385 3499 depravatio.
428 3418 530 3491 Quare
552 3439 643 3503 quum
665 3420 752 3484 valde
775 3421 932 3484 dissimiles
954 3421 1017 3484 sint
1037 3437 1103 3501 quse
1125 3419 1250 3482 diversis
1264 3417 1450 3499 temporibus

201 3519 351 3582 exsistunt
382 3520 529 3584 sermonis
562 3522 679 3595 iormae,
711 3522 757 3584 ha
779 3529 881 3586 tamen
903 3540 1005 3584 omnes
1027 3538 1085 3583 uuo
1107 3527 1210 3584 tenore
1230 3520 1306 3582 flant
1326 3537 1449 3582 necesse

202 3627 248 3682 est
269 3620 494 3703 arctissimeque
514 3621 594 3684 inter
614 3640 646 3684 se
668 3621 786 3686 viuculo
808 3622 1030 3697 contineantur,
1051 3619 1160 3703 quippe
1174 3639 1296 3702 quorum
1313 3621 1450 3682 modera—

202 3719 264 3782 trix
284 3721 326 3783 sit
345 3721 440 3802 ipsius
461 3722 563 3804 populi
583 3721 699 3786 indoles
720 3731 811 3806 atque
832 3723 942 3804 ingenii
962 3723 1018 3786 vis.
1061 3720 1130 3785 Nisi
1144 3729 1244 3784 autem
1259 3721 1337 3784 hauc
1351 3728 1449 3782 totam

201 3820 308 3882 seriem
324 3821 571 3886 consideraverit
601 3823 708 3906 aliquis
740 3831 830 3907 atque
862 3823 1065 3906 perspexerit,
1089 3821 1154 3884 deri
1175 3839 1234 3884 uon
1256 3818 1383 3902 poterit,
1414 3827 1450 3882 ut

200 3920 310 4002 lingua
330 3921 392 3984 vim
414 3931 445 3984 et
466 3932 603 3988 naturam
625 3933 705 3987 recte
726 3923 887 4006 intelligat.

283 4021 326 4084 Iis
348 4021 454 4103 igitur,
485 4025 536 4105 qui
562 4024 671 4106 lingua
692 4023 794 4088 latina
815 4025 952 4100 student,
984 4023 1085 4086 omnia
1105 4041 1170 4106 quae
1192 4021 1231 4084 ad
1253 4021 1310 4084 hoc
1330 4027 1449 4101 tempus

200 4131 429 4204 permanserunt
460 4124 525 4204 ejus
558 4133 748 4188 monumenta
778 4125 980 4207 percensenda
1003 4133 1088 4198 suut,
1119 4123 1146 4186 si
1167 4123 1299 4186 futurum
1320 4131 1383 4197 est,
1414 4129 1450 4184 ut

201 4223 380 4304 intelligant,
402 4223 498 4306 qualis
520 4225 611 4290 luerit
631 4226 733 4308 lingua
753 4246 930 4310 unaquaque
949 4233 1053 4301 emta,
1071 4233 1102 4288 et
1116 4223 1307 4306 quaeratione
1321 4239 1450 4288 cousue-

201 4325 274 4386 tudo
289 4324 429 4408 loqueudi
449 4334 568 4390 mutatu
588 4326 638 4390 sit
681 4324 752 4397 Qua
772 4327 809 4390 de
831 4347 922 4392 causa
938 4327 969 4389 iu
982 4327 1013 4390 id
1028 4343 1145 4407 semper
1157 4324 1354 4388 incubuemnt
1367 4321 1449 4385 docti

202 4423 271 4500 viri,
292 4433 326 4488 ut
346 4445 512 4491 sermonem
533 4427 716 4510 singulorum
737 4427 915 4510 scriptorum
937 4425 1151 4510 perscrutando
1173 4444 1223 4488 eos
1239 4425 1326 4508 quasi
1339 4423 1448 4504 gradus

202 4535 427 4605 cognoscerent,
447 4529 555 4611 quibus
577 4527 775 4611 processisset
795 4529 898 4612 lingua
918 4527 1023 4594 latina.
1054 4527 1159 4610 Neque
1179 4525 1216 4589 iis
1238 4524 1335 4588 solum
1353 4523 1448 4604 scrip·

201 4624 317 4689 toribus
337 4627 532 4707 studuemut,
553 4649 676 4713 quorum
697 4649 790 4696 aurea
809 4631 899 4714 vulgo
920 4639 996 4696 aetas
1018 4627 1198 4706 nominatur,
1219 4635 1252 4692 et
1277 4644 1351 4789 qpos
1375 4643 1449 4690 con·
