3450 5310
552 338 592 395 De
614 339 769 396 elocutione
789 337 823 396 Α.
847 337 968 396 Cornelii
988 335 1068 396 Celsi.
1400 341 1435 396 11

181 514 284 592 ruber,
317 512 576 589 subrubicundas,
607 511 788 588 subviridis,
819 510 1028 598 suppullr'dus3
1055 511 1239 599 predulcis,
1268 511 1439 589 subeclsusc

181 638 341 690 carnosus,
373 615 492 690 enodis,
520 633 715 698 perorasses,
741 635 908 698 permorer,
930 614 1075 690 serimus,
1097 611 1310 690 semicirculus,
1331 613 1438 678 subro-

181 718 310 792 toodus,
332 716 530 802 suppioquc'ss
552 713 690 790 biliosus,
709 713 902 796 foemlentus,
922 713 1093 797 q'urrclentus
1115 723 1190 790 cet.;

266 819 372 880 verbs:
394 816 657 900 clr·cumpurqcre,
679 814 866 891 decolorare,
887 815 1047 892 derodere,
1074 835 1286 891 emacreeccre‚
1314 816 1437 882 cesoni-

181 941 250 996 ore,
272 927 437 994 eelorrere,
459 917 632 1000 incoquere,
653 914 801 1002 insedere,
823 915 984 1000 inunqere,
1006 915 1179 1002 percolere,
1200 913 1347 1000 perstare,
1372 915 1437 980 sirr-

179 1019 305 1106 qultire,
327 1039 485 1104 sopor-ore,
503 1017 726 1104 sussumiqore,
741 1021 995 1102 supercorrtsqere,
1011 1037 1246 1102 supercrescere,
1260 1017 1435 1101 superdore,

180 1119 400 1208 superillinere,
432 1118 700 1204 euperiocrescere,
732 1119 982 1204 superinunqere,
1014 1119 1218 1204 superjacere,
1246 1119 1435 1202 supercresci,

180 1231 365 1295 monmoere,
385 1219 573 1304 spissescere,
595 1218 787 1284 intumescere
808 1228 864 1282 cet.

262 1323 364 1403 Atque
385 1321 536 1384 nonnullis
557 1321 647 1384 etiem
671 1320 809 1394 vocibus,
831 1321 939 1402 quibus
954 1319 1045 1382 etiem
1060 1319 1227 1400 superiores
1241 1318 1349 1384 solutes
1364 1339 1434 1382 ore-

180 1423 271 1486 ticnis
293 1422 455 1504 scriptores
476 1440 547 1484 usos
568 1420 659 1484 fuisse
681 1421 809 1497 scimus,
831 1423 910 1501 apud
933 1421 1052 1485 Celsum
1074 1439 1155 1484 nove
1168 1421 1214 1482 vis
1229 1421 1366 1500 subjecte
1379 1429 1434 1496 est,

178 1524 330 1588 translate
350 1523 389 1586 sd
411 1521 590 1584 medicinam
613 1541 714 1584 esrum
736 1522 961 1602 significatione.
1005 1521 1101 1584 Velut
1121 1519 1434 1610 arcesseremusn-

178 1647 246 1700 sus,
279 1623 408 1686 accessio
440 1619 828 1707 (temperassemus),
859 1621 1033 1706 compositio
1064 1621 1099 1706 (i.
1126 1642 1154 1684 e.
1182 1622 1433 1686 medicamentum

180 1723 410 1808 compositum),
430 1731 552 1785 curatos
573 1723 607 1807 (i.
629 1743 657 1786 s.
680 1732 839 1804 purgatus,
861 1743 956 1804 graecs
977 1720 1280 1808 τεθεραπευμένος),
1302 1722 1434 1809 dejectio,

180 1825 370 1898 descendere,
392 1823 535 1888 desidere.

263 1923 352 1996 Quod
373 1935 474 1988 eutem
497 1933 613 2005 partem
635 1924 740 1988 horum
762 1933 794 1988 ct
807 1925 913 1988 talium
930 1926 1102 2000 verborum,
1123 1927 1161 1988 sd
1178 1925 1333 1988 medicine
1348 1943 1433 1988 nsum

178 2027 395 2110 spectantium,
428 2026 510 2106 apud
542 2024 691 2088 neminem
717 2033 787 2088 ente
813 2026 933 2090 Celsum
956 2027 1135 2108 scriptorem
1156 2026 1285 2088 inveniri
1306 2025 1385 2100 dixi,
1407 2025 1433 2088 si

179 2147 281 2190 eorum
303 2127 367 2208 ipse
388 2127 493 2192 Oelsns
515 2126 618 2208 slique
639 2145 718 2189 nors
739 2127 871 2200 effinxit,
904 2127 961 2190 hoc
988 2137 1069 2190 certe
1092 2128 1119 2190 ei
1140 2127 1221 2190 leudi
1242 2126 1433 2190 tribuendum

178 2238 238 2304 eet,
260 2228 340 2310 qnod
361 2228 446 2290 nevis
468 2227 569 2290 verbis
590 2227 720 2290 inventis
742 2246 908 2290 sermonem
930 2228 1056 2292 latinum
1082 2228 1304 2310 locupletiorem
1332 2227 1434 2290 reddi-

178 2330 233 2394 dit.
276 2329 383 2420 biequs
405 2335 509 2390 tsmen
532 2347 599 2390 cuns
622 2328 717 2392 multe
739 2329 886 2390 vocabule
908 2347 1033 2392 novasse
1056 2329 1242 2410 putaverim,
1264 2347 1355 2410 quum
1377 2347 1433 2410 pn-

178 2430 238 2492 tins
271 2429 414 2492 credibile
445 2429 499 2502 sit,
530 2447 633 2492 eorum
665 2428 795 2510 plurime
816 2439 888 2492 onte
911 2449 977 2492 eum
998 2431 1045 2504 vel
1068 2431 1098 2492 in
1121 2449 1258 2492 sermons
1281 2429 1433 2492 hominnm

178 2530 285 2604 inisse,
307 2529 353 2592 vel
375 2530 406 2592 in
430 2529 586 2610 permultis
607 2529 659 2603 iis,
682 2549 748 2611 quae
769 2529 940 2610 perierunt,
968 2530 1070 2594 lstinae
1093 2531 1199 2610 lingnae
1221 2531 1433 2594 monumentis.

177 2633 245 2696 Hoc
265 2640 366 2696 eutem
389 2650 479 2712 qoem
501 2630 590 2692 fecile
613 2631 731 2694 evenire
753 2631 902 2712 potnerit,
924 2640 958 2694 nt
980 2633 1074 2696 multe
1088 2631 1230 2696 Celsicne
1245 2632 1339 2694 verbe
1353 2631 1434 2712 apud

176 2731 343 2812 superiores
365 2731 541 2812 scriptores,
563 2749 687 2812 quornm
709 2732 777 2794 libri
799 2741 1043 2812 permenserunt,
1066 2753 1123 2796 non
1147 2739 1320 2805 exstarent,
1348 2751 1434 2794 nerno

178 2853 237 2896 non
271 2833 367 2908 videt,
401 2833 509 2914 quippe
531 2851 621 2913 qnnm
644 2833 761 2894 illorum
784 2832 904 2912 plurimi
925 2832 955 2894 in
977 2834 1066 2896 rebus
1088 2853 1210 2914 prorsus
1231 2833 1357 2896 diversis
1379 2853 1434 2894 ex-

179 2934 325 3014 ponendis
356 2933 443 3013 longe
475 2933 564 2996 sliam
597 2933 802 2996 desidersrent
827 2933 1040 2996 vocsbulorum
1063 2933 1194 3016 copiam,
1226 2953 1315 3015 qnam
1337 2933 1434 3014 isqui

179 3043 276 3096 sutem
298 3033 435 3096 medendi
457 3035 600 3096 truderet.
644 3033 715 3096 Sive
736 3043 838 3096 sutem
859 3043 930 3096 sunt
951 3034 1014 3098 herc
1037 3037 1130 3098 verbs
1151 3055 1170 3097 e
1191 3035 1277 3098 Celso
1296 3035 1362 3116 ipso
1378 3054 1434 3096 no·

179 3142 266 3208 vste,
299 3133 362 3196 eive
394 3140 465 3196 ente
497 3153 564 3196 eum
595 3153 710 3215 quoqne
732 3135 908 3210 exstsbent,
942 3156 1000 3198 non
1023 3136 1148 3199 dubium
1170 3145 1231 3209 est,
1253 3135 1324 3217 quin
1348 3135 1434 3198 bcnae

178 3233 340 3298 latinitatis
371 3234 450 3308 sint,
483 3253 572 3320 quum
605 3235 645 3296 ed
671 3235 802 3298 indolem
828 3245 859 3298 et
888 3245 1026 3300 ueterem
1054 3237 1161 3318 lingnee
1182 3235 1285 3300 lstinae
1308 3255 1434 3300 secure·

176 3335 293 3398 tissime
314 3336 502 3398 conlcrmstn
523 3353 592 3398 sese
613 3335 782 3398 videsntur.
826 3333 903 3406 Quae
925 3356 1014 3418 quum
1037 3338 1081 3400 its
1102 3346 1218 3412 essent,
1241 3338 1376 3412 verebor,
1397 3357 1434 3400 ne

177 3455 300 3518 operum
333 3436 502 3518 perderem,
534 3434 560 3498 si
592 3436 695 3498 omnis
726 3455 762 3500 es
794 3437 941 3500 vocabule
973 3457 1147 3502 enumerem
1174 3445 1300 3502 cunctus
1322 3457 1434 3514 essem,

176 3537 284 3618 quibus
314 3545 386 3600 unte
407 3536 526 3602 Celsum
549 3544 602 3600 ent
624 3555 711 3600 nemo
733 3537 863 3619 scriptor
885 3547 938 3602 eut
959 3547 1055 3620 pcetae
1075 3540 1170 3602 solnm
1192 3540 1240 3602 nsi
1261 3559 1327 3602 esse
1349 3539 1434 3602 vide-

176 3645 296 3714 rentnr;
318 3638 484 3717 presertim
505 3657 597 3720 quum
618 3645 754 3702 exstaret
774 3639 891 3704 lexicon
914 3639 1096 3714 Celsisnum,
1114 3640 1278 3721 eGeorgic
1292 3641 1433 3704 Metthiae

176 3755 295 3802 summe
325 3738 476 3804 industris
503 3738 705 3820 conscriptum
719 3738 766 3822 ¹),
798 3741 876 3802 unde
898 3741 923 3802 si
946 3741 1066 3822 quirin
1089 3742 1166 3806 hcnc
1186 3761 1248 3804 rem
1270 3741 1363 3804 vellet
1383 3742 1434 3804 in-

176 3838 310 3922 quirere,
342 3857 517 3920 cognoscere
548 3839 663 3902 liceret.
706 3842 808 3922 Atque
836 3861 872 3904 ne
897 3841 928 3904 id
956 3841 1074 3924 quidem
1106 3842 1327 3923 suscipiendum
1360 3841 1433 3904 mibi

175 3959 241 4003 sese
264 3939 384 4021 poteri,
416 3948 451 4004 nt
471 3961 507 4004 ss
528 3939 693 4015 vocabule,
725 3961 790 4022 que
811 3943 892 4004 solus
914 3941 1019 4004 Celsus
1040 3962 1184 4024 usurpare
1206 3942 1371 4017 videretur,
1392 3943 1433 4006 sb

175 4039 214 4103 iis
234 4040 464 4122 distinguerem,
485 4061 551 4123 qncc
572 4042 599 4102 ei
621 4051 723 4104 essent
744 4061 810 4106 cum
834 4043 901 4104 eliis
922 4043 1117 4125 scriptoribus
1138 4044 1316 4108 communis.

259 4139 362 4212 Quare
396 4161 466 4224 ego,
499 4141 617 4206 omissis
649 4143 708 4206 lere
740 4143 777 4207 iis
810 4144 977 4217 vocubulis,
1010 4164 1075 4226 quae
1097 4146 1135 4208 cd
1161 4153 1257 4208 ortem
1279 4164 1432 4228 exponen-

177 4241 247 4304 dsrn
269 4241 399 4306 maxime
420 4243 559 4308 videntur
580 4242 743 4324 pertinere,
765 4265 843 4308 nnnc
864 4265 901 4308 es
922 4246 1015 4308 verbs
1036 4265 1145 4328 eosque
1168 4246 1432 4327 verbornmsigni·

176 4341 330 4406 tentiones
351 4351 441 4428 stqns
462 4353 630 4408 structuras
652 4363 833 4426 propensio,
856 4345 963 4428 quibus
985 4347 1096 4410 umndc
1122 4346 1229 4411 Celsus
1254 4369 1273 4411 s
1297 4356 1431 4411 veterum

227 4556 247 4631 ¹)
268 4559 344 4617 Inest
364 4560 395 4618 in
416 4561 484 4618 edit.
508 4560 620 4636 Tergsn,
643 4561 732 4637 Iruqd.
754 4563 855 4620 Betuv.
882 4563 974 4620 1785.
