3450 5310
559 349 599 404 De
620 347 777 404 elocutione
797 346 832 402 Δ.
854 345 975 404 Cornelii
996 346 1077 403 Celei.
1427 348 1445 404 3

199 526 275 588 bans
297 539 470 604 summaque
491 521 578 586 laude
599 529 751 586 auctorem
773 521 910 584 ellerene.
954 518 1055 592 Quum
1077 525 1177 584 autem
1198 519 1235 584 de
1256 519 1356 596 libris,
1378 520 1447 602 qoi-

199 626 253 690 bus
274 643 336 688 rem
358 623 516 688 militarem
539 622 698 697 tractavit,
719 621 792 686 nihil
815 623 874 685 lere
895 621 1138 703 cognoverimus,
1160 639 1253 702 neque
1276 639 1314 686 ex
1334 621 1371 684 iis
1393 640 1447 684 ce-

197 735 329 792 terorum
362 723 502 788 librorum
526 723 711 804 fragmentis,
744 741 810 805 quae
837 722 1066 786 commemoravi
1092 722 1172 805 apud
1193 721 1268 784 alios
1288 722 1448 804 scriptores

197 826 334 900 inveniri,
356 826 392 888 de
414 823 580 888 elocutione
602 822 683 888 Geloi
705 824 851 906 conjicere
872 825 979 900 liceat,
1002 823 1088 886 uobis
1110 843 1149 886 ex
1169 823 1229 885 illis
1251 822 1302 904 qui
1324 831 1448 886 exstant

197 929 234 990 de
256 925 403 990 medicine
420 925 503 990 libris
521 923 714 1004 judicandum
738 932 800 1000 est,
821 925 903 1008 quali
924 944 995 988 usus
1017 925 1057 986 sit
1070 923 1220 988 scribendi
1235 943 1350 1006 genere.
1371 923 1447 996 Qoae

197 1047 287 1110 quum
309 1027 354 1090 ita
374 1027 452 1100 sint,
473 1033 636 1108 antequam
657 1025 693 1088 de
715 1025 882 1090 elocutione
903 1025 983 1092 Geloi
1005 1025 1118 1101 dicam,
1139 1025 1176 1088 de
1198 1032 1373 1106 argumento
1390 1025 1447 1088 ho-

198 1149 264 1194 rum
285 1127 426 1192 librorum
448 1126 548 1208 aliqua
569 1125 738 1208 disputabo.

279 1278 429 1342 Medicina
450 1277 540 1360 igitur
561 1296 651 1360 quum
673 1277 754 1359 apud
775 1277 929 1341 Romanos
951 1275 1119 1358 antiquitus
1141 1283 1220 1339 esset
1234 1273 1373 1350 exercita,
1394 1293 1447 1339 ro·

196 1379 243 1442 dis
276 1380 432 1442 etiamtum
465 1377 619 1460 multaque
652 1387 683 1441 et
714 1377 798 1440 varia
819 1377 1033 1458 superstitione
1055 1377 1187 1460 imbuta,
1209 1384 1243 1440 ut
1264 1375 1364 1439 omnia
1386 1377 1447 1440 fere

196 1481 362 1544 litterarum
394 1499 502 1562 genera
528 1498 624 1560 neque
647 1479 686 1542 ad
709 1479 783 1541 artis
806 1489 838 1542 et
859 1477 1023 1559 disciplina
1051 1476 1276 1540 similitudinem
1304 1477 1446 1554 accessit,

196 1603 291 1664 neque
313 1581 407 1645 ullum
430 1580 527 1660 majus
549 1580 629 1661 cepit
650 1579 878 1653 incrementum,
910 1589 1072 1661 antequam
1094 1585 1297 1659 coguoverunt
1316 1577 1448 1641 Romani

195 1683 309 1764 sibique
330 1687 557 1762 assumpserunt
578 1700 630 1756 ea,
653 1700 718 1763 quae
740 1700 759 1744 a
781 1679 894 1766 Graecis
917 1688 1003 1743 eraut
1024 1680 1055 1742 in
1078 1679 1135 1742 hac
1156 1687 1222 1742 arte
1244 1679 1362 1742 effecta.
1405 1679 1448 1742 Hi

195 1784 273 1846 enim
306 1802 365 1845 nou
397 1782 428 1844 iu
461 1779 608 1844 medicina
640 1782 736 1844 minos
769 1801 857 1863 quam
889 1779 920 1842 in
953 1780 1061 1843 ceteris
1084 1781 1144 1842 iere
1165 1779 1280 1842 artibus
1301 1779 1448 1844 Romanis

196 1885 288 1947 multo
310 1883 496 1965 prestabant
517 1881 618 1944 multis
641 1890 731 1964 atque
752 1881 904 1963 praeclaris
926 1881 1015 1943 rebus
1036 1880 1111 1943 scite
1132 1879 1261 1943 inventis
1275 1879 1448 1962 diligenter·

195 2005 251 2067 que
272 1983 445 2066 exscriptis,
466 2002 608 2065 quarum,
630 1991 789 2064 postquam
812 1983 1060 2064 frequentabatur
1081 1981 1175 2063 magis
1196 1981 1276 2045 iuter
1296 1981 1370 2044 duos
1391 2000 1448 2064 po-

195 2087 280 2166 pulos
302 2084 528 2159 commercium,
550 2082 649 2146 Graeci
671 2083 777 2146 medici
797 2083 927 2146 Romam
949 2083 1119 2146 attulerunt
1140 2082 1345 2164 cognitionem.
1378 2083 1447 2145 Pri-

194 2169 259 2249 iuue
281 2195 380 2249 autem
402 2204 502 2248 eorum
524 2185 654 2248 traditur
676 2183 767 2246 luisse
788 2183 1001 2264 Archagathus
1023 2184 1158 2266 quidam,
1180 2203 1266 2266 quern
1283 2193 1446 2247 auuoaute

194 2287 265 2351 chr.
287 2286 349 2350 219
370 2285 498 2348 Romam
520 2285 638 2347 venisse
660 2283 771 2348 dieunt.
814 2283 920 2366 Neque
941 2294 1043 2347 tamen
1063 2285 1132 2347 huic
1146 2284 1284 2366 contigit,
1307 2294 1341 2347 ut
1356 2283 1445 2348 Grae-

193 2407 293 2450 corum
317 2386 494 2450 medicinam
515 2385 663 2450 Romanis
686 2386 922 2460 commendaret,
953 2405 1047 2468 neque
1075 2385 1195 2448 omnino
1216 2384 1381 2468 peregrinae
1402 2385 1448 2448 illi

195 2489 254 2550 arti
276 2487 364 2550 facile
386 2487 487 2550 aditus
508 2487 618 2568 patuit.
661 2487 741 2548 Nam
763 2505 822 2550 nou
844 2487 1020 2562 defuerunt,
1049 2486 1098 2568 qui
1120 2493 1174 2548 aut
1194 2493 1277 2548 metu
1298 2494 1352 2549 aut
1373 2505 1447 2550 cou-

193 2595 312 2671 temptu
344 2597 374 2651 et
406 2589 473 2651 odio
507 2587 590 2651 ducti
621 2606 738 2650 summo
760 2605 848 2668 opere
871 2587 1051 2663 niterentur,
1083 2595 1118 2650 ut
1138 2587 1269 2650 Romani
1290 2586 1447 2668 peregrina

193 2691 245 2753 illa
277 2689 432 2771 aspernati
463 2686 501 2750 iis
527 2696 693 2764 uterentur,
725 2707 789 2770 quae
809 2687 867 2770 ipsi
890 2687 929 2750 ad
951 2688 1098 2751 curandos
1119 2688 1238 2751 morbos
1259 2687 1446 2752 invenerant.

194 2793 278 2854 Inter
300 2810 351 2852 eos
374 2796 490 2866 autem,
523 2789 573 2871 qui
595 2789 654 2852 arti
676 2809 695 2852 a
716 2787 830 2852 Graecis
852 2789 953 2852 allatae
975 2789 1166 2864 restiterunt,
1198 2789 1377 2870 praecipuum
1400 2790 1446 2852 lo-

194 2912 260 2954 cum
283 2900 364 2954 tenet
385 2890 479 2966 Cato,
501 2890 660 2953 acerrimus
681 2890 731 2952 ille
754 2889 843 2972 patrii
864 2889 955 2952 moris
977 2891 1124 2966 defensor,
1147 2898 1253 2953 contra
1272 2889 1446 2953 Graecorum

195 2993 379 3054 obtrectator
400 2991 618 3054 acerbissimus.
661 2991 754 3072 Cujus
770 2991 864 3053 verba
879 2991 969 3055 aliert
983 2991 1099 3055 Plinius
1113 2987 1157 3076 ¹):
1179 2991 1372 3073 «quaudoque
1386 2991 1447 3054 ista

194 3112 267 3173 gens
290 3089 494 3178 (Graecorum)
515 3111 585 3154 suas
607 3092 723 3155 litterae
746 3091 846 3167 dabit,
869 3093 968 3155 omnia
990 3101 1171 3174 corrumpet;
1193 3099 1259 3154 tum
1273 3091 1364 3155 etiam
1379 3097 1447 3154 mo·

194 3193 251 3275 gis,
282 3193 309 3254 si
341 3191 471 3254 medicos
502 3211 572 3254 suos
604 3193 663 3255 huc
695 3192 804 3254 mittet.
847 3193 996 3256 Juraruut
1017 3193 1150 3256 intereo
1172 3193 1318 3256 barbaros
1339 3211 1446 3256 necare

194 3313 296 3356 ornnes
318 3291 483 3367 medicina,
505 3301 537 3354 et
558 3291 614 3355 hoc
635 3292 732 3375 ipsum
754 3293 888 3355 mercede
912 3293 1042 3368 iaciunt,
1073 3302 1109 3356 ut
1129 3294 1203 3358 fides
1223 3294 1261 3356 iis
1281 3293 1323 3357 sit
1344 3301 1377 3356 et
1398 3293 1446 3357 ia-

194 3395 250 3458 9119
272 3393 473 3476 disperdant.»
494 3393 564 3474 Ipse
579 3402 679 3457 autem
693 3393 772 3458 Galo
788 3393 863 3456 satis
878 3403 981 3476 aperte
996 3393 1141 3470 declarat,
1163 3393 1260 3477 qualis
1275 3394 1446 3458 119111191-

195 3494 304 3559 nacula
324 3495 376 3557 illa
398 3493 560 3570 medicina,
593 3513 681 3577 quum
708 3495 738 3558 io
767 3493 868 3569 libris,
900 3515 974 3578 quos
1000 3496 1092 3559 dere
1115 3495 1445 3577 rusticaconscripeit,

194 3595 437 3678 superstitionum
461 3594 802 3678 medicamentorumque
823 3597 1004 3660 mentionem
1028 3597 1115 3673 facit,
1147 3597 1254 3681 quibus
1275 3597 1446 3660 hominibus

194 3705 225 3759 et
257 3696 356 3778 pecori
388 3696 514 3758 salutern
546 3697 692 3779 petebant
722 3696 847 3778 antiqui.
898 3699 1004 3782 Neque
1031 3717 1100 3760 vero
1129 3697 1159 3761 iu
1182 3698 1240 3762 hac
1263 3707 1329 3760 arte
1351 3697 1445 3780 magis

193 3816 281 3881 quam
302 3798 333 3859 iu
356 3797 460 3860 ceteris
482 3799 543 3860 1919
564 3783 854 3862 omnibus‘ltomani
874 3797 1049 3881 elegantiori
1071 3797 1245 3864 Graecorum
1262 3799 1446 3863 humanitati

192 3908 284 3981 atque
317 3897 460 3960 doctrine
490 3897 630 3961 resistere
662 3906 838 3980 potueruut,
870 3899 923 3962 sed
954 3899 1080 3981 cognitis
1102 3900 1197 3982 magis
1218 3899 1370 3982 magisque
1391 3899 1445 3976 iis,

192 4019 259 4084 quae
281 3997 379 4064 Graeci
402 3998 657 4079 excogitaverant,
679 4000 865 4082 peregrinam
897 4001 1076 4064 medicinam
1104 4007 1338 4084 assumpserunt
1379 4001 1445 4065 Ve-

194 4109 303 4164 nerunt
323 4099 452 4162 Romam
475 4098 653 4164 nobilissimi
668 4101 791 4176 medici,
813 4101 864 4183 qui
878 4119 989 4184 magna
1007 4101 1151 4166 felicitate
1167 4111 1199 4166 et
1212 4120 1327 4165 summo
1342 4100 1444 4184 populi

193 4221 319 4264 assensu
331 4209 427 4264 artem
442 4200 645 4278 exercebant„
659 4203 702 4266 Ει
715 4201 820 4267 Celsus
834 4201 954 4284 quidem
970 4211 1075 4268 auctor
1089 4211 1135 4267 est
1150 4201 1196 4289 (iu
1211 4202 1362 4285 prooemio
1376 4202 1445 4267 libri

193 4301 291 4384 primi,
312 4300 398 4364 initio
419 4297 534 4388 pag.3)
547 4299 588 4386 ²),
609 4321 664 4384 per
685 4302 914 4386 Asclepiadem,
936 4305 1157 4370 celeberrimum
1178 4303 1336 4382 medicum,
1356 4321 1443 4388 qoem

242 4483 250 4520 ,
313 4487 320 4501 .

238 4487 667 4646 iiiihffiniiiiliia
687 4575 880 4651 uaemmgn
900 4576 1051 4636 coenem
1077 4576 1163 4651 (nep.
1185 4576 1321 4638 esnone.
1347 4577 1442 4651 reso)
