3450 5310
526 437 567 492 De
588 437 745 494 elocutione
766 433 800 492 A.
823 433 944 492 Cornelii
965 435 1046 494 Celei.
1380 433 1419 492 19

165 613 315 699 animodi
340 611 452 678 medici
470 609 577 676 meiiue
597 608 709 673 alienae
729 629 825 694 aptae
845 629 938 694 paam
959 631 1028 674 aeae
1048 605 1194 671 nument.
1223 609 1317 684 VIII,
1337 607 1368 685 8,
1390 611 1420 672 2.

165 715 203 780 Si
223 736 320 799 eupra
340 712 449 776 euinue
469 721 526 789 eet,
548 712 583 776 id
602 711 667 774 euie
687 709 912 774 medicamentis
933 709 1126 774 nutriendum
1147 717 1198 772 eet.

249 814 384 880 Obniti
416 813 541 898 (poetae,
562 819 712 893 argenteae
733 820 783 874 aet.
805 809 926 898 script.)
960 831 1019 874 uno
1047 804 1323 886 loeoVIl,1'i,l
1348 810 1422 896 quia

165 938 278 982 neeeeee
299 926 358 992 eet,
378 937 413 978 ea
431 923 520 999 parte
540 921 633 998 rupta
653 910 829 976 membrana
849 913 903 989 eit,
925 931 1043 998 poaque
1064 910 1182 996 intepra
1195 921 1255 988 eet,
1276 933 1311 976 ea
1324 909 1422 996 nupt

165 1019 318 1084 obnitatur
338 1021 475 1097 (tumor).
497 1017 582 1078 Part.
604 1012 733 1078 obniaue
754 1013 844 1076 etium
869 1017 949 1095 apud
969 1013 1089 1076 Livium
1111 1021 1223 1076 exstet.

249 1115 453 1184 Oaulariue
475 1123 587 1198 praeter
601 1115 679 1178 Gelo.
702 1115 815 1176 hubent
837 1114 936 1179 Serib.
958 1124 991 1178 et
1012 1113 1144 1178 Solinus.
1186 1099 1343 1178 Invenitui
1362 1133 1421 1178 uno

169 1222 233 1284 loeo
255 1221 319 1296 VI,
341 1219 370 1293 6,
391 1217 412 1279 8
433 1217 472 1280 iu.
495 1215 646 1281 anat-tau
667 1213 810 1278 metina.

248 1317 474 1394 Pantiliae,
496 1337 557 1380 vox
578 1317 680 1380 Plauti
702 1323 733 1378 et
754 1323 909 1398 poetarum
931 1323 1081 1388 veterum,
1102 1315 1146 1390 V,
1166 1315 1219 1391 28,
1239 1315 1328 1379 l8iu.
1341 1335 1422 1403 pau-

165 1421 238 1486 atto
259 1419 361 1484 auiae.

247 1519 483 1586 Periclitari
504 1519 585 1600 apud
606 1517 727 1582 Celsum
748 1537 865 1600 semper
886 1518 1013 1580 intrans.
1035 1517 1096 1580 vim
1111 1516 1219 1593 habet,
1240 1517 1366 1581 utidem
1381 1516 1423 1582 eit

166 1643 193 1686 a.
216 1625 251 1686 in
267 1619 406 1706 perieulo
426 1641 502 1695 aeae,
524 1638 589 1703 quoe
610 1619 789 1700 significatio
806 1619 897 1682 etiem
913 1620 993 1700 apud
1015 1617 1166 1682 Oaeserem
1181 1627 1291 1682 exstet
1334 1617 1423 1700 Saepe

165 1725 325 1806 apponitur
346 1721 498 1786 ablativus
520 1739 617 1784 oeusue
639 1719 722 1782 velut
742 1719 791 1794 Il,
815 1721 829 1782 l
852 1739 882 1802 p.
904 1720 946 1781 30
966 1720 1009 1784 iu.
1033 1717 1154 1800 femina
1174 1717 1281 1783 abortu
1299 1717 1423 1804 periali-

165 1825 323 1898 tantur31
345 1841 475 1905 prooem.
497 1841 527 1902 p.
549 1821 569 1884 9
590 1821 631 1883 in.
653 1817 735 1899 Quae
755 1840 789 1884 eo
810 1819 887 1884 nteit
907 1829 1033 1885 tentante
1048 1815 1261 1907 judiea,quia
1282 1841 1369 1884 neno
1389 1818 1423 1884 in

166 1924 328 2012 spendida
343 1943 477 2008 persona
493 1919 668 2006 periclitari
688 1920 860 2005 oonjeetura
881 1943 938 1984 eua
958 1919 1092 1986 voleurit.

248 2023 465 2110 Perpetuus
486 2023 653 2104 saepissime
675 2021 784 2085 dieitur
805 2025 842 2086 de
864 2041 914 2099 eo,
937 2023 1016 2104 quod
1036 2023 1067 2084 in
1083 2040 1186 2086 omues
1201 2021 1284 2086 velet
1297 2031 1329 2088 et
1342 2041 1423 2086 eem-

165 2125 419 2208 perservandam
442 2131 488 2186 eet
510 2122 654 2206 (aontrer.
672 2123 851 2208 propriae),
872 2123 956 2186 velut
975 2123 1007 2200 I,
1028 2123 1048 2185 3
1070 2143 1099 2204 p.
1116 2116 1154 2187 lt
1168 2123 1209 2186 iu.
1231 2123 1315 2208 quod
1334 2123 1368 2186 in
1382 2123 1423 2188 iie

164 2249 270 2291 uerum
290 2236 349 2302 eet,
373 2223 481 2310 quibua
501 2259 544 2271 --
565 2259 622 2298 -,
639 2232 821 2309 perpetuum
841 2223 874 2286 in
895 2222 1033 2288 omnibus
1054 2244 1114 2287 nan
1136 2232 1186 2288 eat.
1228 2225 1421 2289 00010.οο
1478 2265 1484 2278 ·

164 2329 216 2394 Or.
237 2331 268 2403 2,
290 2329 340 2402 32,
363 2326 434 2388 141:
452 2325 593 2411 perpetui
608 2324 691 2410 jurio
711 2333 740 2387 et
760 2325 895 2388 uniuerei
913 2327 1032 2408 panerio
1053 2325 1184 2410 quaetio.

169 2471 171 2478 ι
248 2427 512 2502 Perseverare,
534 2425 572 2488 de
594 2427 684 2488 rebus
706 2435 892 2507 usurpatum,
913 2427 933 2489 i.
952 2435 1000 2490 est
1014 2445 1041 2490 e.
1063 2445 1185 2490 manere
1205 2425 1265 2502 VI,
1279 2426 1310 2503 6,
1326 2425 1365 2491 16
1379 2428 1421 2492 in.

164 2527 265 2615 Atque
285 2531 319 2592 in
338 2529 450 2613 primia
470 2527 505 2590 in
521 2525 710 2610 quibusdam
725 2536 900 2610 perseuerat
913 2528 1010 2592 tenne
1019 2526 1138 2611 pituita
1151 2547 1269 2591 wreus.
1291 2529 1380 2604 VIII,
1391 2528 1422 2606 9,

167 2632 181 2693 l
205 2632 256 2693 fin.
278 2649 338 2714 quo
359 2627 422 2693 loeo
444 2627 575 2691 manian
595 2626 703 2690 iunior
723 2627 757 2690 in
778 2648 814 2691 ea
829 2627 1051 2714 perseverabit,
1082 2627 1126 2691 ibi
1151 2648 1214 2713 pue
1240 2629 1422 2714 pro-nimum

164 2733 231 2796 erit.
274 2731 383 2796 Simile
408 2728 578 2812 exemplum
604 2738 654 2792 est
678 2728 758 2792 Plin.
781 2747 828 2811 ep.
850 2727 885 2806 6,
908 2731 964 2804 20,
988 2728 1027 2794 19
1048 2739 1160 2794 tremor
1178 2737 1266 2794 terra
1282 2749 1422 2816 perteue-

163 2831 252 2896 rabat
264 2828 305 2917 ¹).
832 2822 842 2842 Χ

248 2929 352 3010 Quod
368 2931 535 3016 pertinet
555 2930 602 2993 ad
623 2930 704 3012 apud
725 2929 847 2993 Celsum
869 2950 929 2994 uon
950 2950 1018 2994 rere
1040 2917 1192 2994 invenitur
1211 2949 1265 3012 pro
1286 2949 1321 2994 eo
1342 2932 1422 3014 quod

165 3033 302 3098 Ciceroni
324 3033 464 3094 usitatius
487 3031 635 3117 estquod
657 3031 762 3095 attinet
781 3031 823 3094 ad
844 3030 918 3115 (vid.
941 3041 1042 3096 temen
1065 3031 1128 3095 (lio.
1149 3029 1256 3095 Plane.
1272 3033 1302 3109 3,
1315 3027 1335 3096 '7
1348 3055 1422 3097 nam

166 3131 248 3218 quod
269 3132 310 3194 ad
326 3129 476 3217 populum
493 3132 638 3218 pertinet,
659 3151 777 3217 semper
797 3132 957 3218 ‹iipnitatie
978 3133 1101 3218 iniquae
1120 3131 1215 3218 judea
1235 3142 1279 3197 eet
1298 3135 1353 3218 qui
1367 3141 1422 3198 aut

165 3232 283 3298 inuidet
303 3240 356 3295 aut
375 3230 481 3317 fauet).
524 3233 625 3296 Verbo
647 3233 795 3297 attinendi
815 3233 920 3298 Celsus
944 3253 1005 3296 uuo
1027 3235 1092 3296 loeo
1113 3233 1209 3298 utitur
1234 3232 1328 3310 VIII,
1348 3235 1370 3300 4
1391 3255 1421 3318 p.

164 3329 236 3409 337,
257 3336 298 3396 22
319 3331 438 3411 Cetera,
461 3355 527 3420 qua
547 3333 590 3396 ad
610 3355 763 3410 uenenum,
787 3333 847 3398 eibi
866 3335 1067 3410 Materiam,
1091 3331 1229 3423 febrem,
1255 3335 1350 3421 punio
1370 3357 1421 3401 oo-

163 3434 257 3500 torem
278 3433 419 3510 atinent,
450 3434 555 3499 eadem
581 3455 648 3520 qua
669 3435 703 3499 in
724 3433 827 3500 aete&
847 3434 1018 3500 outneribuu
1039 3433 1085 3500 uei
1104 3433 1318 3502 annana-vet
1337 3458 1421 3502 mor-

163 3538 258 3625 tifera
278 3545 356 3599 eunt.
399 3535 514 3600 Contra
530 3536 685 3621 pertinere
706 3537 786 3618 apud
808 3555 875 3600 eum
897 3536 1171 3620 frequentissimum
1193 3545 1250 3602 eet.
1293 3539 1421 3603 VelutI

165 3657 297 3720 prooem.
319 3657 349 3718 p.
374 3637 424 3713 10,
448 3639 485 3700 13
518 3633 607 3716 Quod
638 3637 681 3700 ad
701 3635 928 3702 Eraeietretum
948 3639 1090 3725 pertinet,
1108 3637 1248 3722 primurn
1268 3639 1338 3725 ipea
1358 3641 1421 3705 eui-

164 3737 268 3802 dantia
289 3738 353 3824 ejus
373 3739 511 3823 opinioni
530 3747 689 3824 repupuat.
732 3739 761 3815 I,
783 3740 803 3801 3
825 3760 853 3823 p.
875 3741 932 3815 20,
954 3741 1009 3804 31:
1042 3735 1132 3818 Quod
1158 3737 1200 3802 aei
1228 3748 1327 3804 atoue
1350 3761 1420 3805 uero

159 3839 300 3924 pertinet,
331 3838 467 3903 inediam
480 3837 632 3924 faeiilime
652 3839 799 3904 euetinent
818 3841 925 3906 media
946 3849 1060 3917 anetae,
1085 3839 1187 3904 minue
1205 3838 1338 3924 juvenee,
1357 3841 1420 3905 *mi-

163 3941 245 4004 nime
261 3938 354 4026 pueri
374 3949 402 4004 et
421 3949 564 4004 ueneateta
585 3937 718 4024 aanfeeti.

247 4039 409 4125 Parripi
429 4039 573 4122 peculiari
594 4040 811 4121 significatione
832 4041 868 4104 de
889 4061 967 4123 egro
981 4041 1235 4118 homine'dieitur,
1256 4041 1340 4124 oujae
1354 4041 1420 4106 vita

163 4143 195 4205 iu
216 4151 335 4224 tempus
355 4141 475 4224 aliquod
495 4149 637 4204 senetur
657 4141 705 4216 II,
726 4140 745 4203 5
766 4141 809 4206 in.
852 4141 962 4229 Neque
981 4143 1049 4208 uita
1069 4142 1132 4208 alia
1152 4163 1221 4228 epea
1240 4141 1275 4206 in
1298 4143 1420 4230 mapnie

165 4241 253 4306 mate
285 4251 339 4318 eet,
372 4263 465 4328 quam
488 4251 523 4304 ut
543 4241 689 4328 impetum
709 4239 809 4306 morht
828 4243 972 4309 trahenda
993 4243 1105 4331 aliquio
1124 4242 1256 4333 esfupiat
1270 4245 1419 4330 patripa-

165 4352 273 4426 turpue
292 4343 327 4406 in
347 4341 382 4406 id
402 4353 532 4429 ternpue,
553 4342 636 4428 quod
655 4341 808 4408 auratum
827 4343 926 4412 naum
943 4355 1074 4433 praem.
1096 4381 1136 4394 -
1157 4345 1295 4409 Klotzius
1310 4345 1342 4410 iu
1356 4346 1418 4410 lex.

214 4575 235 4650 ¹)
256 4579 315 4636 Hoo
337 4581 495 4652 exemplum
516 4581 616 4638 attulit
637 4579 810 4654 Lagergreu,
837 4583 879 4639 De
899 4580 961 4640 vitu
981 4585 1010 4640 et
1031 4579 1188 4640 elocutione
1209 4579 1239 4639 0.
1261 4579 1347 4640 Plinii
1361 4579 1417 4640 Gae-

165 4667 225 4724 eiiii
239 4666 365 4724 Seouudi.
387 4667 455 4739 Ups.
470 4667 561 4724 1872.
584 4685 650 4740 pag.
677 4669 747 4725 122.
973 4701 976 4710 ν
