3450 5310
300 361 340 414 34
822 353 853 412 O.
875 353 909 410 A.
932 354 1043 411 Broibn.

298 531 379 614 apud
400 529 552 594 Gaesarsrn
574 535 605 590 ot
625 526 746 592 Livium
768 547 828 592 non
850 547 918 592 raro
940 527 1067 592 inveniri
1100 527 1254 610 exemplo,
1286 545 1352 609 qua
1377 525 1421 592 ad
1441 543 1555 600 eornm,

299 651 364 714 quae
386 630 493 706 attoli,
515 629 742 694 similitudinem
764 629 921 692 accedunt.

814 823 856 890 ite
881 823 1036 891 infinitivo.

380 947 551 1012 Infinitivus
574 947 734 1030 opponitur
755 949 904 1030 adjectivo
926 950 1005 1031 quod
1026 957 1076 1013 est
1096 958 1264 1024 canuntur,
1291 957 1327 1014 ot
1347 949 1428 1030 apud
1450 955 1556 1030 poetas

298 1057 330 1112 et
361 1049 541 1129 posteriores
572 1050 734 1130 scriptores
762 1049 812 1124 fit,
843 1051 1013 1132 Iprooern.
1036 1071 1065 1132 p.
1088 1050 1118 1126 8,
1140 1052 1181 1130 30
1202 1049 1385 1135 quicumque
1405 1047 1477 1124 aiii,
1497 1067 1557 1110 non

297 1148 424 1214 contenti
441 1148 544 1232 febres
565 1158 592 1215 st
612 1147 713 1214 uicem
734 1149 864 1235 cpitore,
885 1172 989 1216 aarum
1010 1172 1127 1238 quoque
1141 1159 1283 1215 naturam
1297 1170 1335 1214 aa
1348 1147 1457 1234 aliqua
1469 1155 1557 1233 parts

297 1251 423 1314 scrutoti
443 1261 521 1315 sunt.
543 1251 620 1328 VII,
639 1250 676 1313 15
692 1261 769 1314 extr.
791 1251 882 1336 idque
903 1250 949 1314 bis
969 1252 1014 1315 itu
1026 1251 1140 1336 fecisse
1160 1251 1288 1317 contenti
1308 1260 1388 1314 sunt.
1401 1249 1556 1312 *Etiam

298 1371 364 1414 oum
396 1351 488 1414 verbo
515 1351 632 1416 nitendi
658 1352 850 1433 conjungitur
876 1353 1041 1417 infinitivus
1069 1355 1133 1426 111,
1156 1355 1197 1418 20
1218 1353 1258 1415 in.
1281 1349 1348 1414 Hcs
1368 1370 1466 1434 apros
1486 1347 1557 1433 qui-

296 1450 372 1514 dam
398 1443 524 1516 subinde
550 1453 681 1517 eantare
708 1454 856 1517 nituntur.
898 1455 950 1518 Ita
971 1456 1027 1518 hoo
1049 1457 1174 1518 verbum
1196 1460 1360 1535 posuerunt
1381 1451 1458 1515 Seli.
1480 1449 1555 1528 Nep.

297 1552 365 1616 Liv.
387 1588 428 1600 -
449 1554 631 1618 Insolentiae
663 1553 754 1618 etiam
789 1555 968 1618 locutionem
1001 1575 1066 1638 qoae
1099 1564 1145 1618 ost
1170 1563 1319 1618 oudonem
1340 1573 1404 1616 csso
1423 1549 1558 1632 seqnitur

297 1653 463 1752 infinitirus
485 1655 564 1729 VII,
587 1650 617 1728 7,
638 1653 658 1717 6
679 1653 723 1717 At
743 1653 797 1718 ubi
818 1654 885 1718 albo
905 1655 1005 1740 apcius
1025 1655 1104 1723 aaut
1120 1651 1271 1743 palpebra
1291 1652 1426 1726 iubasit,
1452 1648 1557 1714 Hera·-

296 1752 389 1818 ciides
422 1753 606 1819 Tarentinus
637 1765 804 1820 auctorest
825 1757 950 1820 adeum
971 1755 1109 1842 scaipciio
1131 1757 1293 1820 subsecare.
1328 1755 1380 1818 Gir
1402 1753 1466 1818 cic.
1489 1750 1556 1814 Asa

296 1853 331 1930 9,
356 1855 404 1932 10,
426 1854 446 1916 b
468 1853 538 1941 Epo
561 1855 682 1941 quidem
703 1855 760 1920 tibi
780 1877 841 1920 non
862 1855 922 1922 sim
942 1867 1056 1932 auctu,
1078 1859 1107 1920 si
1127 1857 1293 1943 Pompejus
1315 1854 1442 1919 Italiam
1463 1849 1556 1916 rabin-

296 1956 377 2039 quit,
399 1965 426 2021 tc
446 1977 562 2042 quoquo
578 1955 745 2044 prosaque
760 1959 801 2044 ¹).

816 2151 858 2217 tte
881 2153 1036 2236 gerontio.

284 2283 286 2287 ’
381 2277 527 2342 Gerundii
559 2278 709 2343 ablativus
741 2281 887 2344 modelam
920 2281 980 2342 viro
1007 2281 1099 2343 habet
1125 2280 1221 2354 VIII,
1245 2280 1260 2340 l
1286 2299 1314 2360 p.
1337 2279 1415 2354 324,
1437 2271 1555 2342 24:122

296 2399 371 2442 aurs
392 2400 508 2463 quoquc
524 2381 629 2466 primo
650 2379 779 2466 simplas
800 2381 866 2456 iter,
883 2381 1126 2466 procedendo
1149 2378 1325 2464 flsauosum
1350 2381 1445 2466 juata
1477 2395 1556 2440 oere-

296 2477 385 2542 brum
416 2479 450 2542 in
477 2481 620 2545 multost
641 2481 741 2544 tenuia
756 2481 920 2568 foramina
941 2481 1104 2545 diducitur.
1128 2517 1167 2528 -
1189 2483 1279 2544 Hunc
1299 2501 1386 2544 usum
1408 2477 1557 2564 posterio-

296 2599 345 2644 res
365 2581 528 2662 scriptores
545 2583 609 2664 jam
631 2583 701 2646 inde
722 2605 741 2646 a
761 2582 848 2646 LivIo
871 2585 1105 2665 frequentarunt.

805 2776 847 2844 tte
871 2776 1053 2860 participiis.
1078 2863 1080 2868 Ι

379 2902 480 2975 Quum
502 2900 622 2965 omnino
645 2902 813 2984 participiis
835 2925 914 2986 saepe
936 2903 1115 2967 adhibendis
1138 2901 1244 2965 Celsus
1273 2901 1416 2965 brevitati
1443 2895 1555 2978 oratio·

296 3003 343 3067 nis
365 3005 516 3078 consolat,
537 3011 601 3066 tum
624 3003 822 3088 participium
843 3003 944 3082 futuri
964 3004 1069 3079 actiui,
1091 3023 1149 3086 qoo
1171 3013 1288 3066 veteres
1303 3003 1477 3084 scriptores,
1499 2995 1555 3062 nisi

297 3125 364 3170 curo
386 3105 478 3168 verbo
500 3125 561 3168 assa
583 3105 786 3186 conjungitur,
808 3107 852 3169 uti
875 3127 935 3170 noo
958 3107 1072 3182 solent,
1102 3105 1253 3168 nonnullis
1268 3103 1340 3167 locis
1355 3109 1488 3186 usurpat
1502 3115 1554 3184 pro

297 3207 504 3269 enuntiatione
525 3207 712 3270 secundaria.
734 3209 762 3284 Ι,
785 3209 804 3270 3
826 3228 856 3290 p.
880 3207 928 3284 16,
951 3211 992 3271 23
1006 3203 1143 3270 omnibus
1152 3215 1223 3290 post
1235 3203 1445 3288 fatiyationem
1458 3201 1555 3268 cibum

297 3307 474 3392 sumpturis.
507 3307 573 3382 111,
594 3310 616 3370 2
637 3328 676 3388 p.
690 3302 730 3371 ⁷6
751 3309 792 3372 in.
815 3319 849 3372 ut
869 3311 1014 3372 sustinere
1034 3306 1169 3397 spatium
1190 3303 1337 3392 affecturi
1357 3303 1432 3369 maii
1460 3299 1555 3394 possit

298 3409 413 3493 (aper).
446 3409 507 3483 ΙΙΙ,
530 3406 550 3471 6
571 3427 600 3489 p.
622 3407 664 3471 85
686 3409 735 3472 fin.
758 3410 807 3472 cui
825 3409 918 3493 fariis
939 3407 1038 3472 laturo
1057 3409 1162 3492 pravis
1188 3407 1281 3470 instat
1307 3405 1444 3470 accessio.
1478 3401 1553 3475 VII,

300 3503 348 3586 17,
371 3511 390 3570 2
412 3518 475 3571 tum
497 3529 563 3573 cam
581 3517 702 3592 partem
723 3507 954 3595 eupiauaturus,
976 3509 1053 3574 banc
1075 3528 1191 3592 quoquc
1212 3528 1244 3572 cc
1265 3503 1391 3593 differo.
1424 3505 1513 3579 VIII,
1533 3499 1554 3563 4

297 3631 328 3693 p.
350 3611 412 3674 333
434 3611 484 3672 fin.
506 3629 615 3694 mapno
637 3609 755 3694 inponis
776 3610 928 3694 urultaqua
949 3609 1143 3674 nihilomiuus
1164 3606 1303 3671 habituro
1317 3607 1451 3671 conuenit
1465 3604 1553 3672 atium

297 3710 429 3794 simpioa
449 3710 515 3774 ueri
535 3709 648 3773 aroris
669 3707 823 3795 consessio.
857 3713 952 3787 VIII,
973 3706 994 3774 7
1014 3711 1056 3772 in.
1084 3707 1133 3772 Ab
1161 3708 1209 3772 iu's
1234 3707 1277 3771 ad
1302 3707 1464 3771 monitiom
1484 3725 1553 3769 uan-

298 3822 402 3888 tucus,
434 3810 601 3874 indicanda
632 3811 770 3896 quadam
797 3821 874 3897 puto
896 3847 946 3872 -.
989 3813 1058 3875 Uno
1080 3811 1144 3873 loco
1165 3809 1319 3874 invenitor
1345 3810 1402 3873 hoc
1430 3803 1552 3892 partici-

297 3913 431 3994 pium'in
454 3931 490 3974 ee
511 3913 667 3974 verborum
690 3913 926 3987 constructione,
954 3931 1043 3994 qoem
1077 3909 1234 3973 ablativos*
1253 3911 1407 3974 absolutos
1429 3913 1551 3973 vocant:

298 4014 365 4088 ΙΙΙ,
387 4012 407 4074 5
428 4032 456 4094 p.
478 4011 530 4088 83,
552 4015 594 4075 22
616 4011 708 4099 finio
733 4013 804 4096 jam
833 4013 1014 4097 pravissimo
1043 4021 1173 4095 tompore
1200 4011 1359 4096 eadamque
1385 4009 1553 4093 lonpissimc

298 4113 441 4189 distante,
463 4112 608 4176 secuturis
629 4133 699 4178 uero
719 4111 904 4177 antelucanis
925 4113 1017 4176 iconis.
1059 4115 1150 4176 Hunc
1177 4133 1263 4174 usum
1291 4131 1390 4174 rarum
1413 4131 1478 4174 esse
1499 4127 1552 4171 ne·

298 4235 355 4296 que
377 4215 456 4296 apud
479 4215 608 4296 optimos
630 4215 789 4296 scriptores
812 4225 947 4290 exstare,
968 4213 1157 4295 grammatici
1179 4210 1421 4298 commoneam).
1465 4206 1551 4282 Quod

300 4325 400 4380 antem
423 4315 504 4396 apud
525 4316 669 4396 quosdam
691 4317 888 4398 posteriorum
911 4315 1090 4398 scriptorum
1113 4317 1162 4390 iit,
1189 4323 1224 4378 ut
1245 4333 1299 4396 pro
1320 4313 1463 4395 primaria
1483 4329 1551 4372 sen-

348 4497 368 4571 ¹)
391 4500 437 4558 cfr
458 4501 556 4557 Krebs.
579 4519 600 4557 s.
624 4521 651 4559 v.
674 4512 770 4559 anaor
791 4519 857 4574 pag.
882 4501 954 4559 223.

343 4583 368 4662 2)
391 4587 486 4646 uuor.
509 4587 526 4658 ε
548 4588 609 4644 ros
633 4606 699 4646 ann.
724 4591 752 4648 ε.
