3450 5310
302 383 342 440 22
825 381 856 438 6.
879 381 913 438 Α.
935 381 1046 440 1110161.

383 555 588 640 Spatiosas
608 575 663 639 pro
677 553 795 640 empto,
815 576 944 640 mepno,
964 553 1025 618 loto
1039 553 1166 642 (poetro,
1180 555 1360 638 posteriores
1375 551 1551 639 scriptores)

301 659 381 724 Osls.
403 659 434 732 Ι,
455 659 477 719 2
498 677 526 738 p.
551 657 662 732 15,10
692 655 826 720 conclavi
856 679 949 742 qoem
974 656 1108 720 maimo
1133 665 1161 720 et
1186 655 1248 720 olto
1267 666 1295 721 et
1315 655 1417 721 larido
1436 666 1464 720 et
1483 675 1550 740 spe·

300 761 383 824 tioso.
406 759 464 832 IV,
485 760 506 820 2
526 779 556 840 p.
582 754 1223 834 122,27.1111,25,110.17111,310.

381 858 631 943 specialiter,
653 879 713 922 vox
733 859 932 922 recentiorum
954 857 1148 940 scriptorum,
1169 859 1250 939 apud
1272 859 1351 924 Gelo.
1373 859 1490 923 duobus
1508 857 1553 922 lo-

298 962 342 1025 cis
363 961 435 1024 olim
455 961 600 1042 scriptum
621 969 687 1022 erat
714 961 761 1035 ΙΙ,
784 959 824 1022 18
845 979 875 1041 p.
897 959 948 1036 65,
974 960 994 1021 5
1021 959 1183 1043 pastinaca
1213 957 1259 1023 cel
1289 981 1357 1044 qam
1388 957 1554 1046 specialiter

298 1059 440 1126 rediculo
461 1059 633 1146 appelletur
653 1070 684 1124 ot
705 1061 745 1135 V,
767 1061 817 1136 24,
838 1061 859 1122 4
879 1063 930 1124 fin.
973 1061 1108 1142 Utroque
1129 1069 1230 1124 temen
1253 1061 1318 1124 loco
1340 1062 1483 1125 Daremb.
1498 1059 1553 1124 hoo

299 1165 421 1226 verbum
444 1163 580 1238 exclusit,
603 1163 774 1244 etquidem
796 1163 961 1242 posteriore
982 1168 1078 1236 recte,
1099 1181 1189 1243 quum
1214 1181 1335 1243 prorsus
1360 1163 1465 1226 turbet
1484 1181 1554 1223 seu-

298 1264 441 1338 tentiam
463 1271 570 1325 contre
590 1263 705 1344 priore,
727 1281 817 1345 quum
839 1263 870 1324 in
892 1263 1042 1327 codicibus
1064 1263 1121 1336 sit,
1142 1263 1340 1326 videturesse
1356 1263 1552 1342 retinendum.

380 1362 578 1449 Spatiosas
599 1362 674 1448 (Or.
694 1365 769 1427 Hor.
787 1363 855 1427 Lir.
875 1361 971 1450 post.)
992 1365 1041 1439 ΙΙ,
1056 1363 1140 1440 2,10.
1161 1361 1249 1447 Erpo
1265 1363 1294 1426 ei
1307 1361 1429 1449 plenior
1443 1359 1555 1448 aliquis

299 1476 327 1530 et
348 1464 509 1552 speciosior
529 1473 557 1528 et
577 1462 855 1545 coloratior-foetos
875 1475 918 1530 eet
938 1501 988 1529 -.

382 1565 520 1650 Sponte
550 1585 610 1628 non
644 1566 783 1648 opposito
805 1566 980 1648 pronomine
1001 1585 1135 1648 possess.
1157 1575 1321 1649 usurpatur
1342 1567 1389 1642 11,
1413 1566 1462 1642 12,
1484 1569 1505 1629 2
1525 1585 1553 1648 p.

298 1664 348 1743 57,
371 1668 411 1732 14
430 1667 458 1730 is
479 1667 533 1751 qai
552 1685 630 1752 repe
650 1666 696 1730 cel
716 1666 885 1752 oporteret
905 1687 977 1730 cosa
993 1675 1146 1752 perpetes
1165 1676 1217 1730 est.
1238 1669 1301 1744 111,
1326 1667 1365 1730 19
1383 1687 1412 1749 p.
1429 1667 1500 1744 103,
1515 1666 1554 1729 34

297 1778 325 1833 et
345 1777 412 1832 cate
433 1765 532 1830 cibem
553 1777 667 1853 etpost
687 1787 756 1831 erem
776 1777 881 1853 sponte
902 1789 1018 1832 vomere
1040 1777 1161 1852 oportet.
1187 1768 1228 1844 V,
1250 1767 1302 1844 26,
1323 1767 1365 1832 26
1385 1769 1436 1832 60.
1458 1769 1553 1831 Veto·

297 1889 344 1932 res
366 1870 475 1932 soluta
497 1869 642 1932 orationis
662 1869 824 1951 scriptores
845 1888 1008 1952 prenomen
1030 1877 1194 1950 apponunt.
1238 1869 1400 1934 Genii-ivus
1420 1869 1552 1956 sportis,

297 1971 348 2054 qui
371 1972 451 2052 apud
473 1970 640 2033 Varronem
662 1978 693 2034 st
721 1971 918 2034 Oolonnellam
946 1979 1063 2045 exstat,
1096 1971 1176 2051 apud
1204 1969 1326 2034 Celsum
1353 1979 1400 2035 est
1421 1972 1450 2046 Ι,
1475 1971 1490 2032 l
1513 1970 1552 2032 iu.

296 2069 398 2134 800110
419 2071 516 2146 tomo,
537 2069 591 2156 qai
611 2079 638 2135 et
659 2069 731 2138 bene
750 2070 828 2136 00111
848 2081 957 2136 111011
977 2069 1093 2157 spontis
1114 2079 1171 2148 est,
1192 2070 1285 2136 preliis
1304 2068 1439 2157 odlipore
1459 2091 1491 2135 ee
1511 2068 1553 2136 le·

293 2171 383 2258 pibus
403 2170 497 2236 debet.

379 2271 520 2337 Sabire
540 2274 692 2338 translate
712 2273 928 2355 significatione
951 2273 1014 2348 ΙΙΙ,
1036 2271 1057 2336 6
1077 2293 1106 2354 p.
1127 2271 1178 2349 85,
1199 2274 1240 2337 33
1267 2293 1350 2337 eecce
1373 2271 1502 2338 subeant
1526 2281 1553 2336 et

296 2371 1025 2459 0010110116.0.1000510111011,001101111).
1067 2374 1192 2439 Nullum
1214 2375 1310 2438 simile
1323 2373 1492 2456 exemplum
1508 2373 1552 2436 al·

299 2475 399 2537 ierunt
421 2475 527 2539 lexioa.
570 2475 677 2538 Altero
708 2495 824 2558 quoqne
858 2475 921 2537 loco
954 2476 1130 2539 insolentius
1153 2475 1210 2538 hoc
1230 2476 1355 2540 verbum
1376 2483 1551 2557 usurpatum

297 2584 346 2638 est
368 2575 409 2652 V,
431 2574 489 2652 26,
513 2577 546 2639 1:
568 2574 628 2638 Est
649 2578 728 2640 enim
745 2575 908 2661 prudentis
930 2575 1061 2642 dominis
1079 2576 1216 2661 primum
1237 2597 1320 2654 eam,
1351 2575 1406 2662 qui
1435 2575 1553 2641 serari

296 2697 357 2739 nore
373 2686 485 2760 potest,
516 2697 577 2740 nore
598 2677 742 2762 otiapere
763 2697 816 2741 nec
837 2676 937 2742 audire
958 2677 1087 2764 speciem
1108 2678 1173 2764 ejus
1192 2687 1226 2740 ot
1245 2677 1346 2754 occisi
1378 2697 1467 2763 quern
1487 2697 1552 2741 soro

296 2777 394 2862 ipsias
415 2777 572 2842 interemit.
616 2779 668 2842 Gir
688 2777 789 2842 stebe're
809 2778 972 2855 invidiam,
994 2778 1108 2842 odiam.

378 2877 404 2942 S
409 2876 625 2943 adscribere
645 2880 791 2942 translate
812 2881 833 2943 i.
845 2899 869 2942 s.
882 2900 910 2962 q.
932 2879 1088 2966 indulpere
1107 2881 1251 2962 111,4p.
1266 2874 1362 2944 7911.
1377 2877 1552 2966 (Asclepio-

296 2979 361 3062 dee)
384 2977 575 3043 plurioribus
596 2980 720 3065 quidem
741 2979 846 3044 dabas
867 2978 1003 3044 0111011110
1024 2983 1114 3044 etiam
1134 2980 1265 3045 inserite
1275 2979 1463 3068 subscripsit,
1479 2982 1551 3069 pri-

296 3081 355 3144 mis
376 3101 445 3144 cero
467 3081 590 3144 tortoris
609 3082 703 3146 eicere
724 3079 867 3145 ecdibcit.
911 3081 963 3146 Sic
985 3083 1076 3146 etiam
1098 3083 1182 3154 Liv..
1204 3083 1284 3159 (101,
1305 3090 1410 3165 poete.

378 3180 564 3246 Substere
585 3181 615 3244 in
638 3181 795 3264 participio
817 3201 905 3264 praes.
928 3182 1034 3246 Celsus
1056 3184 1100 3248 ita
1121 3193 1259 3266 usurpat,
1281 3193 1316 3248 ut
1336 3185 1417 3248 idem
1438 3183 1482 3246 sit
1502 3191 1551 3246 at-

297 3301 354 3364 que
376 3281 511 3358 aedem,-
531 3283 562 3346 id
584 3283 662 3366 quod
684 3284 765 3365 apud
787 3284 902 3347 nullum
924 3284 1017 3347 aliurn
1038 3284 1213 3366 scriptorem
1235 3286 1299 3348 fieri
1319 3285 1445 3349 videtur.
1468 3276 1550 3360 II,'i

297 3405 326 3466 p.
349 3385 406 3461 42,
430 3383 469 3448 19
491 3383 572 3448 calio
594 3383 695 3448 dolore
716 3383 874 3449 substante.
895 3386 944 3459 Π,
968 3387 1006 3448 12
1027 3406 1056 3468 p.
1078 3381 1130 3461 57,
1155 3383 1201 3450 16.
1224 3387 1282 3462 VI,
1306 3385 1345 3448 10
1365 3405 1394 3468 p.
1405 3385 1479 3462 248,
1504 3381 1549 3448 16.

296 3485 361 3558 ΙΠ,
382 3485 424 3548 24
443 3486 484 3548 iu.
506 3483 645 3548 1110111501
666 3484 873 3549 tantammodo
888 3485 1070 3571 precordiis
1090 3485 1302 3551 substantibus.

378 3583 647 3670 Superoaeous
679 3585 787 3649 Celsus
820 3587 986 3668 saepiseimc
1017 3587 1124 3664 habet,
1156 3595 1191 3652 01
1216 3588 1284 3651 Lir.
1306 3595 1338 3652 et
1362 3588 1549 3670 posteriores.

299 3683 564 3772 Seperoocoreeeee,
587 3707 647 3768 qua
669 3688 765 3750 forma
786 3685 889 3750 Oieero
910 3687 1021 3764 utitur,
1044 3689 1123 3770 apud
1145 3689 1266 3752 Celsum
1288 3709 1347 3752 non
1370 3696 1425 3754 est.

378 3785 649 3872 superuenire,
682 3807 742 3870 qua
768 3807 840 3852 voce
861 3795 987 3852 utuntur
1008 3790 1074 3853 Liv.
1098 3799 1130 3852 et
1151 3790 1331 3854 recentiores
1351 3791 1458 3854 solutae
1479 3807 1549 3853 ora-

295 3888 388 3951 tionis
415 3888 592 3970 scriptores,
625 3889 704 3970 apud
726 3889 848 3953 Celsum
870 3887 1030 3952 admodum
1053 3891 1192 3973 frequens
1213 3899 1269 3954 est.
1311 3891 1407 3956 Velut
1426 3893 1488 3967 III,
1511 3889 1549 3953 18

294 3988 335 4052 iu.
357 3987 414 4052 alii
433 3990 569 4074 eorporis
589 3989 715 4074 effectas
736 3990 790 4074 qui
811 3988 880 4054 haic
899 3990 1119 4074 strperoenitent.

381 4089 605 4175 Temperare
635 4089 696 4154 sibi
717 4089 755 4153 cl>
777 4089 880 4176 eliqua
902 4111 950 4167 re,
977 4092 1151 4156 insolentior
1171 4100 1338 4168 structure,
1359 4097 1407 4156 est
1426 4093 1485 4170 IV,
1507 4091 1544 4154 31

294 4211 325 4274 p.
349 4185 418 4267 157,
440 4190 461 4255 6
481 4189 617 4271 Quidem
637 4213 732 4278 quum
752 4200 810 4256 toto
837 4214 916 4257 anco
943 4213 964 4255 a
989 4193 1075 4270 cino,
1106 4191 1219 4270 maleo,
1250 4213 1354 4258 cenem
1385 4191 1444 4257 sict
1474 4202 1547 4257 tem-

289 4301 455 4377 pernoscet.

379 4391 541 4458 Trahere
571 4393 609 4457 de
635 4393 779 4476 temporis
812 4393 1010 4460 diuturnitate
1041 4403 1205 4478 usurpatur
1237 4415 1297 4458 nou
1317 4395 1414 4460 solum
1434 4392 1547 4460 111111-

294 4495 359 4558 tiva
380 4495 411 4558 vi
431 4495 486 4570 ita,
507 4502 542 4558 ut
559 4495 676 4558 dicetur
692 4495 810 4560 trcleere
830 4494 981 4572 morbrrm,
1001 4493 1103 4562 ntea
1123 4505 1213 4580 atque
1234 4496 1324 4560 etiarn
1346 4505 1383 4560 tr.
1405 4494 1545 4582 oliqreem,

294 4615 423 4682 caprum,
445 4595 525 4680 quod
545 4595 722 4660 insolentius
742 4597 862 4662 videtur
882 4596 984 4684 (velut
1003 4598 1065 4674 III,
1086 4595 1106 4662 9
1127 4619 1155 4681 p.
1177 4597 1216 4663 91
1239 4597 1281 4660 iu.
1303 4594 1545 4684 00160011αά1-
