<?xml version="1.0" encoding="UTF-8"?>
<!DOCTYPE html PUBLIC "-//W3C//DTD XHTML 1.0 Transitional//EN"
    "http://www.w3.org/TR/xhtml1/DTD/xhtml1-transitional.dtd">
<html xmlns="http://www.w3.org/1999/xhtml" xml:lang="en" lang="en">
 <head>
  <title>
</title>
<meta http-equiv="Content-Type" content="text/html;charset=utf-8" />
  <meta name='ocr-system' content='tesseract 3.04.00' />
  <meta name='ocr-capabilities' content='ocr_page ocr_carea ocr_par ocr_line ocrx_word'/>
</head>
<body>
  <div class='ocr_page' id='page_1' title='image "./deelocutioneaco00brolgoog_0043.png"; bbox 0 0 3450 5310; ppageno 0'>
   <div class='ocr_carea' id='block_1_1' title="bbox 256 334 1001 396">
    <p class='ocr_par' dir='ltr' id='par_1_1' title="bbox 256 334 1001 396">
     <span class='ocr_line' id='line_1_1' title="bbox 256 334 1001 396; baseline 0.003 -4"><span class='ocrx_word' id='word_1_1' title='bbox 256 337 295 392; x_wconf 84' lang='lat'><em>36</em></span> <span class='ocrx_word' id='word_1_2' title='bbox 779 334 810 394; x_wconf 81' lang='lat'><em>0.</em></span> <span class='ocrx_word' id='word_1_3' title='bbox 832 335 867 393; x_wconf 82' lang='grc' dir='ltr'><em>Α.</em></span> <span class='ocrx_word' id='word_1_4' title='bbox 889 336 1001 396; x_wconf 73' lang='lat' dir='ltr'><em>Brulla.</em></span> 
     </span>
    </p>
   </div>
   <div class='ocr_carea' id='block_1_2' title="bbox 256 507 1521 4124">
    <p class='ocr_par' dir='ltr' id='par_1_2' title="bbox 256 507 1518 1908">
     <span class='ocr_line' id='line_1_2' title="bbox 256 507 1513 592; baseline -0.001 -20"><span class='ocrx_word' id='word_1_5' title='bbox 256 507 370 572; x_wconf 87' lang='lat' dir='ltr'><em>nullum</em></span> <span class='ocrx_word' id='word_1_6' title='bbox 402 507 555 574; x_wconf 84' lang='lat' dir='ltr'><em>invenitur</em></span> <span class='ocrx_word' id='word_1_7' title='bbox 585 508 768 592; x_wconf 79' lang='lat' dir='ltr'><em>exemplum,</em></span> <span class='ocrx_word' id='word_1_8' title='bbox 799 507 968 591; x_wconf 87' lang='lat' dir='ltr'><em>disputavit</em></span> <span class='ocrx_word' id='word_1_9' title='bbox 999 507 1139 572; x_wconf 85' lang='lat' dir='ltr'><em>Haudius</em></span> <span class='ocrx_word' id='word_1_10' title='bbox 1164 507 1294 574; x_wconf 81' lang='lat' dir='ltr'><em>Turseli.</em></span> <span class='ocrx_word' id='word_1_11' title='bbox 1319 528 1345 572; x_wconf 81' lang='lat' dir='ltr'><em>a.</em></span> <span class='ocrx_word' id='word_1_12' title='bbox 1367 527 1398 582; x_wconf 78' lang='lat' dir='ltr'><em>v.</em></span> <span class='ocrx_word' id='word_1_13' title='bbox 1426 525 1513 590; x_wconf 72' lang='lat' dir='ltr'><em>pagg.</em></span> 
     </span>
     <span class='ocr_line' id='line_1_3' title="bbox 259 607 1513 694; baseline 0.001 -23"><span class='ocrx_word' id='word_1_14' title='bbox 259 609 317 672; x_wconf 92' lang='grc'><em>150</em></span> <span class='ocrx_word' id='word_1_15' title='bbox 338 629 404 692; x_wconf 85' lang='lat' dir='ltr'><em>sqq.</em></span> <span class='ocrx_word' id='word_1_16' title='bbox 426 645 466 658; x_wconf 90' lang='lat'><em>—-</em></span> <span class='ocrx_word' id='word_1_17' title='bbox 491 607 578 676; x_wconf 85' lang='lat' dir='ltr'><em>Adeo</em></span> <span class='ocrx_word' id='word_1_18' title='bbox 598 629 659 674; x_wconf 87' lang='lat' dir='ltr'><em>non</em></span> <span class='ocrx_word' id='word_1_19' title='bbox 679 610 918 692; x_wconf 79' lang='lat' dir='ltr'><em>pruosdautibus</em></span> <span class='ocrx_word' id='word_1_20' title='bbox 939 617 1032 692; x_wconf 84' lang='lat' dir='ltr'><em>partt</em></span> <span class='ocrx_word' id='word_1_21' title='bbox 1053 627 1091 673; x_wconf 86' lang='lat' dir='ltr'><em>ne</em></span> <span class='ocrx_word' id='word_1_22' title='bbox 1112 645 1152 657; x_wconf 92' lang='lat'><em>-</em></span> <span class='ocrx_word' id='word_1_23' title='bbox 1175 609 1297 694; x_wconf 84' lang='lat' dir='ltr'><em>quidem</em></span> <span class='ocrx_word' id='word_1_24' title='bbox 1318 608 1439 692; x_wconf 84' lang='lat' dir='ltr'><em>ponitur</em></span> <span class='ocrx_word' id='word_1_25' title='bbox 1459 627 1513 672; x_wconf 80' lang='lat' dir='ltr'><em>sa-</em></span> 
     </span>
     <span class='ocr_line' id='line_1_4' title="bbox 257 709 1514 794; baseline 0.001 -23"><span class='ocrx_word' id='word_1_26' title='bbox 257 711 325 772; x_wconf 86' lang='lat' dir='ltr'><em>dem</em></span> <span class='ocrx_word' id='word_1_27' title='bbox 346 710 563 789; x_wconf 80' lang='lat' dir='ltr'><em>significatione</em></span> <span class='ocrx_word' id='word_1_28' title='bbox 586 721 679 794; x_wconf 85' lang='lat' dir='ltr'><em>atqua</em></span> <span class='ocrx_word' id='word_1_29' title='bbox 700 710 826 786; x_wconf 85' lang='lat' dir='ltr'><em>nedum,</em></span> <span class='ocrx_word' id='word_1_30' title='bbox 847 711 878 774; x_wconf 91' lang='lat' dir='ltr'><em>id</em></span> <span class='ocrx_word' id='word_1_31' title='bbox 900 710 979 793; x_wconf 92' lang='lat' dir='ltr'><em>quod</em></span> <span class='ocrx_word' id='word_1_32' title='bbox 1001 710 1081 792; x_wconf 87' lang='lat' dir='ltr'><em>apud</em></span> <span class='ocrx_word' id='word_1_33' title='bbox 1097 710 1237 774; x_wconf 87' lang='lat' dir='ltr'><em>Taoitum</em></span> <span class='ocrx_word' id='word_1_34' title='bbox 1258 711 1294 774; x_wconf 88' lang='lat' dir='ltr'><em>flt</em></span> <span class='ocrx_word' id='word_1_35' title='bbox 1314 719 1345 774; x_wconf 87' lang='lat' dir='ltr'><em>et</em></span> <span class='ocrx_word' id='word_1_36' title='bbox 1367 709 1444 774; x_wconf 86' lang='lat' dir='ltr'><em>alios</em></span> <span class='ocrx_word' id='word_1_37' title='bbox 1457 729 1514 790; x_wconf 88' lang='lat' dir='ltr'><em>po-</em></span> 
     </span>
     <span class='ocr_line' id='line_1_5' title="bbox 256 807 1515 896; baseline 0.001 -24"><span class='ocrx_word' id='word_1_38' title='bbox 256 810 390 874; x_wconf 85' lang='lat' dir='ltr'><em>sterioris</em></span> <span class='ocrx_word' id='word_1_39' title='bbox 416 812 515 876; x_wconf 83' lang='lat' dir='ltr'><em>astatis</em></span> <span class='ocrx_word' id='word_1_40' title='bbox 543 812 705 894; x_wconf 80' lang='lat' dir='ltr'><em>scriptores</em></span> <span class='ocrx_word' id='word_1_41' title='bbox 715 807 764 896; x_wconf 82' lang='lat'><em>¹):</em></span> <span class='ocrx_word' id='word_1_42' title='bbox 795 812 845 886; x_wconf 94' lang='grc'><em>11,</em></span> <span class='ocrx_word' id='word_1_43' title='bbox 867 811 888 876; x_wconf 93' lang='grc'><strong>6</strong></span> <span class='ocrx_word' id='word_1_44' title='bbox 916 831 946 892; x_wconf 87' lang='lat' dir='ltr'><em>p.</em></span> <span class='ocrx_word' id='word_1_45' title='bbox 966 810 1022 886; x_wconf 89' lang='grc'><strong>38,</strong></span> <span class='ocrx_word' id='word_1_46' title='bbox 1045 811 1084 874; x_wconf 90' lang='grc'><em>10</em></span> <span class='ocrx_word' id='word_1_47' title='bbox 1110 807 1194 890; x_wconf 85' lang='lat' dir='ltr'><em>Quin</em></span> <span class='ocrx_word' id='word_1_48' title='bbox 1222 810 1313 876; x_wconf 74' lang='grc'><strong>551555</strong></span> <span class='ocrx_word' id='word_1_49' title='bbox 1334 845 1373 862; x_wconf 87' lang='lat'><em>-·</em></span> <span class='ocrx_word' id='word_1_50' title='bbox 1396 808 1515 875; x_wconf 80' lang='lat' dir='ltr'><em>Desun-</em></span> 
     </span>
     <span class='ocr_line' id='line_1_6' title="bbox 256 908 1516 1000; baseline -0.001 -25"><span class='ocrx_word' id='word_1_51' title='bbox 256 912 349 975; x_wconf 79' lang='lat' dir='ltr'><em>oritus</em></span> <span class='ocrx_word' id='word_1_52' title='bbox 375 932 412 974; x_wconf 91' lang='lat' dir='ltr'><em>ne</em></span> <span class='ocrx_word' id='word_1_53' title='bbox 429 911 528 1000; x_wconf 73' lang='lat' dir='ltr'><em>finden</em></span> <span class='ocrx_word' id='word_1_54' title='bbox 555 912 679 998; x_wconf 84' lang='lat' dir='ltr'><em>quidem</em></span> <span class='ocrx_word' id='word_1_55' title='bbox 704 912 772 976; x_wconf 82' lang='lat' dir='ltr'><em>nitu</em></span> <span class='ocrx_word' id='word_1_56' title='bbox 797 912 873 976; x_wconf 83' lang='lat' dir='ltr'><em>satis</em></span> <span class='ocrx_word' id='word_1_57' title='bbox 893 920 989 976; x_wconf 74' lang='lat' dir='ltr'><em>entes</em></span> <span class='ocrx_word' id='word_1_58' title='bbox 1009 920 1094 974; x_wconf 85' lang='lat' dir='ltr'><em>notus</em></span> <span class='ocrx_word' id='word_1_59' title='bbox 1115 932 1178 976; x_wconf 84' lang='lat' dir='ltr'><em>asae</em></span> <span class='ocrx_word' id='word_1_60' title='bbox 1193 910 1370 997; x_wconf 81' lang='lat' dir='ltr'><em>propensit,</em></span> <span class='ocrx_word' id='word_1_61' title='bbox 1405 908 1516 996; x_wconf 72' lang='lat' dir='ltr'><em>quibu</em></span> 
     </span>
     <span class='ocr_line' id='line_1_7' title="bbox 257 1010 1515 1098; baseline -0.002 -22"><span class='ocrx_word' id='word_1_62' title='bbox 257 1011 367 1076; x_wconf 84' lang='lat' dir='ltr'><em>mediol</em></span> <span class='ocrx_word' id='word_1_63' title='bbox 392 1013 603 1088; x_wconf 70' lang='lat' dir='ltr'><strong><em>credidissent,</em></strong></span> <span class='ocrx_word' id='word_1_64' title='bbox 630 1011 704 1076; x_wconf 84' lang='lat' dir='ltr'><em>adeo</em></span> <span class='ocrx_word' id='word_1_65' title='bbox 725 1011 803 1076; x_wconf 85' lang='lat' dir='ltr'><em>illud</em></span> <span class='ocrx_word' id='word_1_66' title='bbox 822 1035 884 1078; x_wconf 88' lang='lat' dir='ltr'><em>non</em></span> <span class='ocrx_word' id='word_1_67' title='bbox 904 1010 1042 1098; x_wconf 81' lang='lat' dir='ltr'><em>reliquit,</em></span> <span class='ocrx_word' id='word_1_68' title='bbox 1069 1021 1102 1074; x_wconf 91' lang='lat' dir='ltr'><em>nt</em></span> <span class='ocrx_word' id='word_1_69' title='bbox 1122 1021 1203 1076; x_wconf 80' lang='lat' dir='ltr'><em>certo</em></span> <span class='ocrx_word' id='word_1_70' title='bbox 1223 1011 1330 1097; x_wconf 72' lang='lat' dir='ltr'><em>diqno</em></span> <span class='ocrx_word' id='word_1_71' title='bbox 1349 1011 1440 1098; x_wconf 82' lang='lat' dir='ltr'><em>sipna</em></span> <span class='ocrx_word' id='word_1_72' title='bbox 1459 1011 1515 1092; x_wconf 76' lang='lat' dir='ltr'><em>fn-</em></span> 
     </span>
     <span class='ocr_line' id='line_1_8' title="bbox 257 1112 1515 1194; baseline 0.001 -20"><span class='ocrx_word' id='word_1_73' title='bbox 257 1122 333 1175; x_wconf 84' lang='lat' dir='ltr'><em>tnree</em></span> <span class='ocrx_word' id='word_1_74' title='bbox 355 1113 461 1176; x_wconf 84' lang='lat' dir='ltr'><em>mortio</em></span> <span class='ocrx_word' id='word_1_75' title='bbox 481 1122 586 1178; x_wconf 84' lang='lat' dir='ltr'><em>essent.</em></span> <span class='ocrx_word' id='word_1_76' title='bbox 628 1113 712 1177; x_wconf 88' lang='lat' dir='ltr'><em>Idem</em></span> <span class='ocrx_word' id='word_1_77' title='bbox 734 1113 829 1178; x_wconf 85' lang='lat' dir='ltr'><em>altero</em></span> <span class='ocrx_word' id='word_1_78' title='bbox 851 1114 942 1178; x_wconf 86' lang='lat' dir='ltr'><em>otiam</em></span> <span class='ocrx_word' id='word_1_79' title='bbox 965 1114 1030 1176; x_wconf 84' lang='lat' dir='ltr'><em>loco</em></span> <span class='ocrx_word' id='word_1_80' title='bbox 1058 1113 1124 1176; x_wconf 84' lang='lat' dir='ltr'><em>haeo</em></span> <span class='ocrx_word' id='word_1_81' title='bbox 1144 1114 1237 1182; x_wconf 80' lang='lat' dir='ltr'><em>verba</em></span> <span class='ocrx_word' id='word_1_82' title='bbox 1258 1114 1400 1178; x_wconf 86' lang='lat' dir='ltr'><em>videntur</em></span> <span class='ocrx_word' id='word_1_83' title='bbox 1419 1112 1515 1194; x_wconf 80' lang='lat' dir='ltr'><em>signi-</em></span> 
     </span>
     <span class='ocr_line' id='line_1_9' title="bbox 257 1211 1517 1300; baseline 0.001 -23"><span class='ocrx_word' id='word_1_84' title='bbox 257 1215 363 1288; x_wconf 83' lang='lat' dir='ltr'>ficare,</span> <span class='ocrx_word' id='word_1_85' title='bbox 391 1213 569 1278; x_wconf 81' lang='lat' dir='ltr'><em>insolentius</em></span> <span class='ocrx_word' id='word_1_86' title='bbox 590 1213 754 1280; x_wconf 82' lang='lat' dir='ltr'><em>collocata:</em></span> <span class='ocrx_word' id='word_1_87' title='bbox 787 1215 846 1290; x_wconf 90' lang='lat' dir='ltr'><em>IV,</em></span> <span class='ocrx_word' id='word_1_88' title='bbox 871 1215 907 1278; x_wconf 97' lang='grc'><em>11</em></span> <span class='ocrx_word' id='word_1_89' title='bbox 937 1233 966 1296; x_wconf 91' lang='lat' dir='ltr'><em>p.</em></span> <span class='ocrx_word' id='word_1_90' title='bbox 991 1213 1113 1278; x_wconf 89' lang='grc'><strong>13515.</strong></span> <span class='ocrx_word' id='word_1_91' title='bbox 1154 1212 1195 1276; x_wconf 88' lang='lat' dir='ltr'><em>Id</em></span> <span class='ocrx_word' id='word_1_92' title='bbox 1215 1211 1411 1300; x_wconf 75' lang='lat' dir='ltr'><em>Amlepiudes</em></span> <span class='ocrx_word' id='word_1_93' title='bbox 1438 1212 1517 1278; x_wconf 82' lang='lat' dir='ltr'><em>odeo</em></span> 
     </span>
     <span class='ocr_line' id='line_1_10' title="bbox 258 1313 1515 1400; baseline -0.001 -22"><span class='ocrx_word' id='word_1_94' title='bbox 258 1335 318 1378; x_wconf 90' lang='lat' dir='ltr'><em>non</em></span> <span class='ocrx_word' id='word_1_95' title='bbox 335 1314 493 1398; x_wconf 86' lang='lat' dir='ltr'><em>prodesse,</em></span> <span class='ocrx_word' id='word_1_96' title='bbox 521 1314 612 1378; x_wconf 82' lang='lat' dir='ltr'><em>etiam</em></span> <span class='ocrx_word' id='word_1_97' title='bbox 632 1313 790 1378; x_wconf 72' lang='lat' dir='ltr'><em>inimicum</em></span> <span class='ocrx_word' id='word_1_98' title='bbox 809 1335 871 1380; x_wconf 88' lang='lat' dir='ltr'><em>esse</em></span> <span class='ocrx_word' id='word_1_99' title='bbox 889 1315 1057 1400; x_wconf 85' lang='lat' dir='ltr'><em>proposuit.</em></span> <span class='ocrx_word' id='word_1_100' title='bbox 1081 1349 1120 1362; x_wconf 80' lang='lat'><em>-</em></span> <span class='ocrx_word' id='word_1_101' title='bbox 1141 1313 1227 1390; x_wconf 79' lang='lat' dir='ltr'><em>Adeo</em></span> <span class='ocrx_word' id='word_1_102' title='bbox 1248 1335 1323 1390; x_wconf 89' lang='lat' dir='ltr'><em>non,</em></span> <span class='ocrx_word' id='word_1_103' title='bbox 1343 1325 1376 1378; x_wconf 88' lang='lat' dir='ltr'><em>nt</em></span> <span class='ocrx_word' id='word_1_104' title='bbox 1403 1334 1456 1397; x_wconf 93' lang='lat' dir='ltr'><em>pro</em></span> <span class='ocrx_word' id='word_1_105' title='bbox 1479 1333 1515 1377; x_wconf 85' lang='lat' dir='ltr'><em>eo</em></span> 
     </span>
     <span class='ocr_line' id='line_1_11' title="bbox 258 1415 1515 1497; baseline -0.001 -19"><span class='ocrx_word' id='word_1_106' title='bbox 258 1417 336 1497; x_wconf 87' lang='lat' dir='ltr'><em>quod</em></span> <span class='ocrx_word' id='word_1_107' title='bbox 359 1417 440 1496; x_wconf 89' lang='lat' dir='ltr'><em>apud</em></span> <span class='ocrx_word' id='word_1_108' title='bbox 463 1425 581 1479; x_wconf 83' lang='lat' dir='ltr'><em>veteres</em></span> <span class='ocrx_word' id='word_1_109' title='bbox 603 1423 650 1480; x_wconf 86' lang='lat' dir='ltr'><em>ast</em></span> <span class='ocrx_word' id='word_1_110' title='bbox 671 1424 789 1479; x_wconf 88' lang='lat' dir='ltr'><em>tontum</em></span> <span class='ocrx_word' id='word_1_111' title='bbox 810 1415 908 1493; x_wconf 82' lang='lat' dir='ltr'><em>obest,</em></span> <span class='ocrx_word' id='word_1_112' title='bbox 929 1425 963 1479; x_wconf 91' lang='lat' dir='ltr'><em>nt</em></span> <span class='ocrx_word' id='word_1_113' title='bbox 985 1451 1024 1462; x_wconf 92' lang='lat'><em>-</em></span> <span class='ocrx_word' id='word_1_114' title='bbox 1045 1425 1091 1490; x_wconf 90' lang='lat' dir='ltr'><em>ut,</em></span> <span class='ocrx_word' id='word_1_115' title='bbox 1113 1415 1259 1497; x_wconf 82' lang='lat' dir='ltr'><em>scriptum</em></span> <span class='ocrx_word' id='word_1_116' title='bbox 1282 1425 1332 1480; x_wconf 85' lang='lat' dir='ltr'><em>ast</em></span> <span class='ocrx_word' id='word_1_117' title='bbox 1351 1417 1400 1490; x_wconf 88' lang='lat'>11,</span> <span class='ocrx_word' id='word_1_118' title='bbox 1425 1416 1464 1478; x_wconf 91' lang='lat'><em>10</em></span> <span class='ocrx_word' id='word_1_119' title='bbox 1485 1435 1515 1496; x_wconf 89' lang='lat' dir='ltr'><em>p.</em></span> 
     </span>
     <span class='ocr_line' id='line_1_12' title="bbox 258 1515 1518 1601; baseline 0.001 -22"><span class='ocrx_word' id='word_1_120' title='bbox 258 1516 299 1579; x_wconf 72' lang='grc'><em>54</em></span> <span class='ocrx_word' id='word_1_121' title='bbox 320 1517 370 1579; x_wconf 90' lang='grc'><em>55.</em></span> <span class='ocrx_word' id='word_1_122' title='bbox 398 1537 490 1600; x_wconf 85' lang='lat' dir='ltr'><em>eoque</em></span> <span class='ocrx_word' id='word_1_123' title='bbox 511 1515 614 1580; x_wconf 82' lang='lat' dir='ltr'><em>missio</em></span> <span class='ocrx_word' id='word_1_124' title='bbox 634 1516 795 1601; x_wconf 76' lang='lat' dir='ltr'><em>sanpuinis</em></span> <span class='ocrx_word' id='word_1_125' title='bbox 815 1517 891 1582; x_wconf 84' lang='lat' dir='ltr'><em>odeo</em></span> <span class='ocrx_word' id='word_1_126' title='bbox 917 1538 979 1582; x_wconf 91' lang='lat' dir='ltr'><em>non</em></span> <span class='ocrx_word' id='word_1_127' title='bbox 996 1516 1134 1600; x_wconf 81' lang='lat' dir='ltr'><em>prodeat,</em></span> <span class='ocrx_word' id='word_1_128' title='bbox 1155 1526 1189 1578; x_wconf 88' lang='lat' dir='ltr'><em>nt</em></span> <span class='ocrx_word' id='word_1_129' title='bbox 1209 1516 1299 1580; x_wconf 87' lang='lat' dir='ltr'><em>etium</em></span> <span class='ocrx_word' id='word_1_130' title='bbox 1320 1524 1433 1582; x_wconf 68' lang='lat' dir='ltr'><em>nuent.</em></span> <span class='ocrx_word' id='word_1_131' title='bbox 1476 1517 1518 1590; x_wconf 98' lang='lat' dir='ltr'><em>V,</em></span> 
     </span>
     <span class='ocr_line' id='line_1_13' title="bbox 258 1615 1518 1700; baseline 0 -20"><span class='ocrx_word' id='word_1_132' title='bbox 258 1617 314 1692; x_wconf 89' lang='grc'><strong>26,</strong></span> <span class='ocrx_word' id='word_1_133' title='bbox 340 1616 380 1680; x_wconf 89' lang='grc'><em>25</em></span> <span class='ocrx_word' id='word_1_134' title='bbox 413 1618 567 1682; x_wconf 85' lang='lat' dir='ltr'><em>invenitur</em></span> <span class='ocrx_word' id='word_1_135' title='bbox 592 1618 668 1681; x_wconf 87' lang='lat' dir='ltr'><em>adeo</em></span> <span class='ocrx_word' id='word_1_136' title='bbox 689 1615 781 1694; x_wconf 78' lang='lat' dir='ltr'><em>nilsil,</em></span> <span class='ocrx_word' id='word_1_137' title='bbox 806 1626 855 1694; x_wconf 90' lang='lat' dir='ltr'><em>nt,</em></span> <span class='ocrx_word' id='word_1_138' title='bbox 887 1618 1063 1700; x_wconf 82' lang='lat' dir='ltr'><em>interposita</em></span> <span class='ocrx_word' id='word_1_139' title='bbox 1083 1626 1187 1680; x_wconf 87' lang='lat' dir='ltr'><em>tamen</em></span> <span class='ocrx_word' id='word_1_140' title='bbox 1210 1619 1362 1682; x_wconf 83' lang='lat' dir='ltr'><em>sententia</em></span> <span class='ocrx_word' id='word_1_141' title='bbox 1383 1618 1518 1680; x_wconf 83' lang='lat' dir='ltr'><em>affirma·</em></span> 
     </span>
     <span class='ocr_line' id='line_1_14' title="bbox 259 1716 1518 1806; baseline -0.002 -24"><span class='ocrx_word' id='word_1_142' title='bbox 259 1720 337 1782; x_wconf 90' lang='lat' dir='ltr'><em>tiva:</em></span> <span class='ocrx_word' id='word_1_143' title='bbox 360 1717 445 1782; x_wconf 82' lang='lat' dir='ltr'><em>Adeo</em></span> <span class='ocrx_word' id='word_1_144' title='bbox 466 1728 565 1782; x_wconf 80' lang='lat' dir='ltr'><em>noun</em></span> <span class='ocrx_word' id='word_1_145' title='bbox 585 1716 663 1781; x_wconf 77' lang='lat' dir='ltr'><em>nilril</em></span> <span class='ocrx_word' id='word_1_146' title='bbox 678 1728 860 1803; x_wconf 77' lang='lat' dir='ltr'><em>perpetuum</em></span> <span class='ocrx_word' id='word_1_147' title='bbox 881 1728 936 1794; x_wconf 86' lang='lat' dir='ltr'><em>est,</em></span> <span class='ocrx_word' id='word_1_148' title='bbox 957 1718 1010 1782; x_wconf 87' lang='lat' dir='ltr'><em>sed</em></span> <span class='ocrx_word' id='word_1_149' title='bbox 1030 1739 1148 1804; x_wconf 85' lang='lat' dir='ltr'><em>semper</em></span> <span class='ocrx_word' id='word_1_150' title='bbox 1163 1739 1226 1804; x_wconf 86' lang='lat' dir='ltr'><em>pro</em></span> <span class='ocrx_word' id='word_1_151' title='bbox 1239 1717 1422 1806; x_wconf 73' lang='lat' dir='ltr'><em>tricorporis</em></span> <span class='ocrx_word' id='word_1_152' title='bbox 1436 1716 1518 1780; x_wconf 80' lang='lat' dir='ltr'><em>usti-</em></span> 
     </span>
     <span class='ocr_line' id='line_1_15' title="bbox 259 1817 1518 1908; baseline -0.002 -24"><span class='ocrx_word' id='word_1_153' title='bbox 259 1819 423 1894; x_wconf 78' lang='lat' dir='ltr'><em>mauduni,</em></span> <span class='ocrx_word' id='word_1_154' title='bbox 444 1828 478 1882; x_wconf 87' lang='lat' dir='ltr'><em>ut</em></span> <span class='ocrx_word' id='word_1_155' title='bbox 498 1817 684 1884; x_wconf 70' lang='lat' dir='ltr'><em>imbecillitas</em></span> <span class='ocrx_word' id='word_1_156' title='bbox 705 1819 796 1882; x_wconf 86' lang='lat' dir='ltr'><em>etiam</em></span> <span class='ocrx_word' id='word_1_157' title='bbox 817 1817 916 1882; x_wconf 81' lang='lat' dir='ltr'><em>nilum</em></span> <span class='ocrx_word' id='word_1_158' title='bbox 928 1819 1070 1904; x_wconf 84' lang='lat' dir='ltr'><em>protinus</em></span> <span class='ocrx_word' id='word_1_159' title='bbox 1077 1819 1185 1906; x_wconf 81' lang='lat' dir='ltr'><em>faeere</em></span> <span class='ocrx_word' id='word_1_160' title='bbox 1199 1821 1401 1884; x_wconf 79' lang='lat' dir='ltr'><em>neeessariam</em></span> <span class='ocrx_word' id='word_1_161' title='bbox 1411 1819 1518 1908; x_wconf 81' lang='lat' dir='ltr'><em>possit.</em></span> 
     </span>
    </p>

    <p class='ocr_par' dir='ltr' id='par_1_3' title="bbox 259 1918 1521 3420">
     <span class='ocr_line' id='line_1_16' title="bbox 343 1918 1517 2004; baseline 0 -20"><span class='ocrx_word' id='word_1_162' title='bbox 343 1918 472 1984; x_wconf 78' lang='lat' dir='ltr'><em>Adduo</em></span> <span class='ocrx_word' id='word_1_163' title='bbox 503 1922 540 1982; x_wconf 86' lang='lat' dir='ltr'><em>de</em></span> <span class='ocrx_word' id='word_1_164' title='bbox 568 1940 605 1984; x_wconf 86' lang='lat' dir='ltr'><em>eo</em></span> <span class='ocrx_word' id='word_1_165' title='bbox 631 1929 793 2001; x_wconf 84' lang='lat' dir='ltr'><em>usurpatur</em></span> <span class='ocrx_word' id='word_1_166' title='bbox 820 1921 899 2001; x_wconf 91' lang='lat' dir='ltr'><em>quod</em></span> <span class='ocrx_word' id='word_1_167' title='bbox 926 1939 1022 2003; x_wconf 85' lang='lat' dir='ltr'><em>usque</em></span> <span class='ocrx_word' id='word_1_168' title='bbox 1050 1921 1089 1982; x_wconf 87' lang='lat' dir='ltr'><em>ad</em></span> <span class='ocrx_word' id='word_1_169' title='bbox 1118 1930 1231 1984; x_wconf 85' lang='lat' dir='ltr'><em>sertum</em></span> <span class='ocrx_word' id='word_1_170' title='bbox 1259 1921 1404 2004; x_wconf 79' lang='lat' dir='ltr'><em>temporIs</em></span> <span class='ocrx_word' id='word_1_171' title='bbox 1428 1921 1517 1984; x_wconf 86' lang='lat' dir='ltr'><em>finam</em></span> 
     </span>
     <span class='ocr_line' id='line_1_17' title="bbox 260 2015 1519 2106; baseline 0.001 -22"><span class='ocrx_word' id='word_1_172' title='bbox 260 2023 374 2086; x_wconf 84' lang='lat' dir='ltr'><em>tantum</em></span> <span class='ocrx_word' id='word_1_173' title='bbox 397 2030 458 2098; x_wconf 88' lang='lat' dir='ltr'><em>est,</em></span> <span class='ocrx_word' id='word_1_174' title='bbox 480 2021 564 2085; x_wconf 90' lang='lat' dir='ltr'><em>velut</em></span> <span class='ocrx_word' id='word_1_175' title='bbox 578 2021 700 2095; x_wconf 91' lang='lat' dir='ltr'>VIH,I</span> <span class='ocrx_word' id='word_1_176' title='bbox 725 2040 755 2102; x_wconf 88' lang='lat' dir='ltr'><em>p.</em></span> <span class='ocrx_word' id='word_1_177' title='bbox 770 2015 831 2084; x_wconf 79' lang='grc'><em>327</em></span> <span class='ocrx_word' id='word_1_178' title='bbox 853 2021 895 2084; x_wconf 90' lang='grc'><em>15.</em></span> <span class='ocrx_word' id='word_1_179' title='bbox 917 2031 1014 2086; x_wconf 77' lang='lat' dir='ltr'><em>cetera</em></span> <span class='ocrx_word' id='word_1_180' title='bbox 1034 2040 1118 2096; x_wconf 86' lang='lat' dir='ltr'><em>osan,</em></span> <span class='ocrx_word' id='word_1_181' title='bbox 1140 2020 1177 2085; x_wconf 86' lang='lat' dir='ltr'><em>de</em></span> <span class='ocrx_word' id='word_1_182' title='bbox 1198 2020 1306 2106; x_wconf 82' lang='lat' dir='ltr'><em>quibus</em></span> <span class='ocrx_word' id='word_1_183' title='bbox 1323 2020 1422 2085; x_wconf 78' lang='lat' dir='ltr'><em>adine</em></span> <span class='ocrx_word' id='word_1_184' title='bbox 1435 2019 1519 2096; x_wconf 76' lang='lat' dir='ltr'><em>tini,-</em></span> 
     </span>
     <span class='ocr_line' id='line_1_18' title="bbox 260 2111 1519 2204; baseline -0.002 -18"><span class='ocrx_word' id='word_1_185' title='bbox 260 2125 354 2187; x_wconf 88' lang='lat' dir='ltr'><em>multo</em></span> <span class='ocrx_word' id='word_1_186' title='bbox 378 2131 478 2186; x_wconf 87' lang='lat' dir='ltr'><em>autem</em></span> <span class='ocrx_word' id='word_1_187' title='bbox 500 2122 611 2204; x_wconf 85' lang='lat' dir='ltr'><em>saepius</em></span> <span class='ocrx_word' id='word_1_188' title='bbox 633 2111 698 2184; x_wconf 71' lang='lat' dir='ltr'><em>hun</em></span> <span class='ocrx_word' id='word_1_189' title='bbox 720 2141 835 2204; x_wconf 91' lang='lat' dir='ltr'><em>quoquo</em></span> <span class='ocrx_word' id='word_1_190' title='bbox 856 2121 1033 2203; x_wconf 77' lang='lat' dir='ltr'><em>significatio</em></span> <span class='ocrx_word' id='word_1_191' title='bbox 1052 2121 1121 2186; x_wconf 83' lang='lat' dir='ltr'><em>huic</em></span> <span class='ocrx_word' id='word_1_192' title='bbox 1135 2123 1292 2203; x_wconf 80' lang='lat' dir='ltr'><em>partiaulae</em></span> <span class='ocrx_word' id='word_1_193' title='bbox 1306 2122 1442 2204; x_wconf 81' lang='lat' dir='ltr'><em>subjecta</em></span> <span class='ocrx_word' id='word_1_194' title='bbox 1457 2130 1519 2198; x_wconf 84' lang='lat' dir='ltr'><em>ast,</em></span> 
     </span>
     <span class='ocr_line' id='line_1_19' title="bbox 260 2223 1518 2306; baseline -0.002 -17"><span class='ocrx_word' id='word_1_195' title='bbox 260 2235 294 2289; x_wconf 92' lang='lat' dir='ltr'><em>ut</em></span> <span class='ocrx_word' id='word_1_196' title='bbox 322 2224 433 2306; x_wconf 76' lang='lat' dir='ltr'><em>aliquid</em></span> <span class='ocrx_word' id='word_1_197' title='bbox 461 2231 542 2288; x_wconf 88' lang='lat' dir='ltr'><em>certo</em></span> <span class='ocrx_word' id='word_1_198' title='bbox 571 2223 701 2306; x_wconf 85' lang='lat' dir='ltr'><em>quodam</em></span> <span class='ocrx_word' id='word_1_199' title='bbox 730 2232 864 2304; x_wconf 83' lang='lat' dir='ltr'><em>tompore</em></span> <span class='ocrx_word' id='word_1_200' title='bbox 894 2225 1026 2286; x_wconf 89' lang='lat' dir='ltr'><em>nondum</em></span> <span class='ocrx_word' id='word_1_201' title='bbox 1053 2223 1171 2288; x_wconf 83' lang='lat' dir='ltr'><em>finitum</em></span> <span class='ocrx_word' id='word_1_202' title='bbox 1200 2243 1266 2286; x_wconf 85' lang='lat' dir='ltr'><em>asse</em></span> <span class='ocrx_word' id='word_1_203' title='bbox 1297 2223 1432 2300; x_wconf 83' lang='lat' dir='ltr'><em>dicatur,</em></span> <span class='ocrx_word' id='word_1_204' title='bbox 1464 2223 1518 2286; x_wconf 84' lang='lat' dir='ltr'><em>sed</em></span> 
     </span>
     <span class='ocr_line' id='line_1_20' title="bbox 260 2323 1520 2406; baseline -0.004 -14"><span class='ocrx_word' id='word_1_205' title='bbox 260 2327 432 2392; x_wconf 74' lang='lat' dir='ltr'><em>etiamnunc</em></span> <span class='ocrx_word' id='word_1_206' title='bbox 455 2325 501 2388; x_wconf 84' lang='lat' dir='ltr'><em>vel</em></span> <span class='ocrx_word' id='word_1_207' title='bbox 523 2324 678 2390; x_wconf 84' lang='lat' dir='ltr'><em>etiamtum</em></span> <span class='ocrx_word' id='word_1_208' title='bbox 700 2343 834 2390; x_wconf 86' lang='lat' dir='ltr'><em>manera.</em></span> <span class='ocrx_word' id='word_1_209' title='bbox 868 2323 1052 2406; x_wconf 84' lang='lat' dir='ltr'><strong>Appositum</strong></span> <span class='ocrx_word' id='word_1_210' title='bbox 1074 2333 1121 2388; x_wconf 88' lang='lat' dir='ltr'><em>est</em></span> <span class='ocrx_word' id='word_1_211' title='bbox 1143 2332 1174 2386; x_wconf 87' lang='lat' dir='ltr'><em>et</em></span> <span class='ocrx_word' id='word_1_212' title='bbox 1192 2325 1290 2388; x_wconf 84' lang='lat' dir='ltr'><em>verbis</em></span> <span class='ocrx_word' id='word_1_213' title='bbox 1304 2324 1414 2399; x_wconf 85' lang='lat' dir='ltr'><em>finitis,</em></span> <span class='ocrx_word' id='word_1_214' title='bbox 1436 2324 1520 2387; x_wconf 84' lang='lat' dir='ltr'><em>velut</em></span> 
     </span>
     <span class='ocr_line' id='line_1_21' title="bbox 260 2421 1519 2513; baseline -0.002 -23"><span class='ocrx_word' id='word_1_215' title='bbox 260 2430 301 2506; x_wconf 90' lang='lat' dir='ltr'><em>V,</em></span> <span class='ocrx_word' id='word_1_216' title='bbox 324 2426 380 2502; x_wconf 89' lang='grc'><strong>26,</strong></span> <span class='ocrx_word' id='word_1_217' title='bbox 403 2427 505 2490; x_wconf 88' lang='grc'><strong>3415.</strong></span> <span class='ocrx_word' id='word_1_218' title='bbox 529 2421 735 2513; x_wconf 75' lang='lat' dir='ltr'><em>Gnnproennen</em></span> <span class='ocrx_word' id='word_1_219' title='bbox 757 2446 839 2503; x_wconf 87' lang='lat' dir='ltr'><em>vero,</em></span> <span class='ocrx_word' id='word_1_220' title='bbox 861 2424 890 2488; x_wconf 84' lang='lat' dir='ltr'><em>ai</em></span> <span class='ocrx_word' id='word_1_221' title='bbox 909 2427 1045 2489; x_wconf 87' lang='lat' dir='ltr'><em>nondum</em></span> <span class='ocrx_word' id='word_1_222' title='bbox 1064 2425 1156 2510; x_wconf 84' lang='lat' dir='ltr'><em>plane</em></span> <span class='ocrx_word' id='word_1_223' title='bbox 1176 2434 1267 2500; x_wconf 86' lang='lat' dir='ltr'><em>tenet,</em></span> <span class='ocrx_word' id='word_1_224' title='bbox 1288 2425 1519 2494; x_wconf 74' lang='grc'><strong>5515555515-</strong></span> 
     </span>
     <span class='ocr_line' id='line_1_22' title="bbox 259 2524 1520 2618; baseline -0.004 -23"><span class='ocrx_word' id='word_1_225' title='bbox 259 2532 349 2618; x_wconf 82' lang='lat' dir='ltr'><em>cipit,</em></span> <span class='ocrx_word' id='word_1_226' title='bbox 380 2550 488 2592; x_wconf 80' lang='lat' dir='ltr'><em>surore</em></span> <span class='ocrx_word' id='word_1_227' title='bbox 515 2547 577 2590; x_wconf 88' lang='lat' dir='ltr'><em>uon</em></span> <span class='ocrx_word' id='word_1_228' title='bbox 601 2525 818 2616; x_wconf 77' lang='lat' dir='ltr'><em>difficillimum</em></span> <span class='ocrx_word' id='word_1_229' title='bbox 838 2537 889 2592; x_wconf 86' lang='lat' dir='ltr'><em>est.</em></span> <span class='ocrx_word' id='word_1_230' title='bbox 920 2527 1016 2603; x_wconf 86' lang='lat' dir='ltr'>VIII,</span> <span class='ocrx_word' id='word_1_231' title='bbox 1040 2528 1079 2590; x_wconf 92' lang='grc'><em>15</em></span> <span class='ocrx_word' id='word_1_232' title='bbox 1100 2527 1142 2590; x_wconf 89' lang='lat' dir='ltr'><em>in.</em></span> <span class='ocrx_word' id='word_1_233' title='bbox 1169 2527 1197 2590; x_wconf 89' lang='lat' dir='ltr'><em>si</em></span> <span class='ocrx_word' id='word_1_234' title='bbox 1217 2524 1263 2590; x_wconf 88' lang='lat' dir='ltr'><em>nel</em></span> <span class='ocrx_word' id='word_1_235' title='bbox 1278 2525 1399 2612; x_wconf 78' lang='lat' dir='ltr'><em>puerile</em></span> <span class='ocrx_word' id='word_1_236' title='bbox 1420 2525 1520 2590; x_wconf 77' lang='lat' dir='ltr'><em>adlsne</em></span> 
     </span>
     <span class='ocr_line' id='line_1_23' title="bbox 260 2626 1518 2718; baseline -0.005 -21"><span class='ocrx_word' id='word_1_237' title='bbox 260 2642 303 2697; x_wconf 87' lang='lat' dir='ltr'><em>est</em></span> <span class='ocrx_word' id='word_1_238' title='bbox 324 2652 450 2718; x_wconf 82' lang='lat' dir='ltr'><em>eorpus,</em></span> <span class='ocrx_word' id='word_1_239' title='bbox 478 2628 525 2694; x_wconf 88' lang='lat' dir='ltr'><em>nel</em></span> <span class='ocrx_word' id='word_1_240' title='bbox 544 2626 631 2694; x_wconf 87' lang='lat' dir='ltr'><em>molle</em></span> <span class='ocrx_word' id='word_1_241' title='bbox 652 2638 745 2703; x_wconf 82' lang='lat' dir='ltr'><em>eerte3</em></span> <span class='ocrx_word' id='word_1_242' title='bbox 776 2635 807 2692; x_wconf 88' lang='lat' dir='ltr'><em>et</em></span> <span class='ocrx_word' id='word_1_243' title='bbox 828 2627 995 2711; x_wconf 80' lang='lat' dir='ltr'><em>participiis</em></span> <span class='ocrx_word' id='word_1_244' title='bbox 1017 2629 1064 2691; x_wconf 86' lang='lat' dir='ltr'><em>vol</em></span> <span class='ocrx_word' id='word_1_245' title='bbox 1086 2627 1256 2710; x_wconf 78' lang='lat' dir='ltr'><em>adjectivis,</em></span> <span class='ocrx_word' id='word_1_246' title='bbox 1281 2627 1314 2690; x_wconf 91' lang='lat' dir='ltr'><em>id</em></span> <span class='ocrx_word' id='word_1_247' title='bbox 1336 2629 1414 2710; x_wconf 90' lang='lat' dir='ltr'><em>quod</em></span> <span class='ocrx_word' id='word_1_248' title='bbox 1437 2627 1518 2712; x_wconf 88' lang='lat' dir='ltr'><em>apud</em></span> 
     </span>
     <span class='ocr_line' id='line_1_24' title="bbox 260 2722 1520 2816; baseline -0.004 -19"><span class='ocrx_word' id='word_1_249' title='bbox 260 2733 382 2797; x_wconf 90' lang='lat' dir='ltr'><em>Livium</em></span> <span class='ocrx_word' id='word_1_250' title='bbox 404 2741 437 2795; x_wconf 87' lang='lat' dir='ltr'><em>et</em></span> <span class='ocrx_word' id='word_1_251' title='bbox 457 2729 636 2814; x_wconf 79' lang='lat' dir='ltr'><em>posteriores</em></span> <span class='ocrx_word' id='word_1_252' title='bbox 657 2732 819 2813; x_wconf 81' lang='lat' dir='ltr'><em>sorIptores</em></span> <span class='ocrx_word' id='word_1_253' title='bbox 841 2731 892 2804; x_wconf 85' lang='lat' dir='ltr'><em>Iit,</em></span> <span class='ocrx_word' id='word_1_254' title='bbox 921 2729 1007 2792; x_wconf 84' lang='lat' dir='ltr'><em>velut</em></span> <span class='ocrx_word' id='word_1_255' title='bbox 1026 2731 1043 2794; x_wconf 92' lang='lat'><em>1</em></span> <span class='ocrx_word' id='word_1_256' title='bbox 1064 2748 1195 2812; x_wconf 86' lang='lat' dir='ltr'><em>prooem.</em></span> <span class='ocrx_word' id='word_1_257' title='bbox 1216 2749 1246 2816; x_wconf 88' lang='lat' dir='ltr'><em>p.</em></span> <span class='ocrx_word' id='word_1_258' title='bbox 1269 2722 1289 2790; x_wconf 85' lang='lat' dir='ltr'><em>&#39;l</em></span> <span class='ocrx_word' id='word_1_259' title='bbox 1310 2729 1361 2792; x_wconf 91' lang='grc'><em>55.</em></span> <span class='ocrx_word' id='word_1_260' title='bbox 1389 2727 1520 2814; x_wconf 79' lang='lat' dir='ltr'><em>Siquid</em></span> 
     </span>
     <span class='ocr_line' id='line_1_25' title="bbox 260 2827 1520 2918; baseline -0.002 -22"><span class='ocrx_word' id='word_1_261' title='bbox 260 2845 360 2897; x_wconf 85' lang='lat' dir='ltr'><em>tumen</em></span> <span class='ocrx_word' id='word_1_262' title='bbox 387 2835 441 2908; x_wconf 88' lang='lat' dir='ltr'><em>sit,</em></span> <span class='ocrx_word' id='word_1_263' title='bbox 468 2831 549 2918; x_wconf 81' lang='lat' dir='ltr'><em>quod</em></span> <span class='ocrx_word' id='word_1_264' title='bbox 574 2829 674 2894; x_wconf 80' lang='lat' dir='ltr'><em>aditus</em></span> <span class='ocrx_word' id='word_1_265' title='bbox 699 2832 835 2916; x_wconf 82' lang='lat' dir='ltr'><em>spirante</em></span> <span class='ocrx_word' id='word_1_266' title='bbox 863 2829 982 2894; x_wconf 80' lang='lat' dir='ltr'><em>lemine</em></span> <span class='ocrx_word' id='word_1_267' title='bbox 1008 2829 1177 2916; x_wconf 74' lang='lat' dir='ltr'><em>conspectui</em></span> <span class='ocrx_word' id='word_1_268' title='bbox 1197 2827 1386 2914; x_wconf 78' lang='lat' dir='ltr'><em>subjiciatur.</em></span> <span class='ocrx_word' id='word_1_269' title='bbox 1413 2831 1478 2904; x_wconf 86' lang='lat'>111,</span> <span class='ocrx_word' id='word_1_270' title='bbox 1499 2830 1520 2894; x_wconf 86' lang='lat'>4</span> 
     </span>
     <span class='ocr_line' id='line_1_26' title="bbox 261 2929 1520 3018; baseline -0.004 -20"><span class='ocrx_word' id='word_1_271' title='bbox 261 2955 291 3018; x_wconf 96' lang='lat' dir='ltr'><em>p.</em></span> <span class='ocrx_word' id='word_1_272' title='bbox 313 2934 371 3011; x_wconf 88' lang='lat'><em>81,</em></span> <span class='ocrx_word' id='word_1_273' title='bbox 393 2935 434 2998; x_wconf 83' lang='lat'><em>28</em></span> <span class='ocrx_word' id='word_1_274' title='bbox 456 2932 602 2997; x_wconf 75' lang='lat' dir='ltr'><em>inclinato</em></span> <span class='ocrx_word' id='word_1_275' title='bbox 623 2933 746 3018; x_wconf 82' lang='lat' dir='ltr'><em>quidem</em></span> <span class='ocrx_word' id='word_1_276' title='bbox 765 2931 862 3013; x_wconf 81' lang='lat' dir='ltr'><em>febre,</em></span> <span class='ocrx_word' id='word_1_277' title='bbox 885 2931 938 2995; x_wconf 85' lang='lat' dir='ltr'><em>aed</em></span> <span class='ocrx_word' id='word_1_278' title='bbox 959 2929 1058 2994; x_wconf 75' lang='grc'><strong>55555</strong></span> <span class='ocrx_word' id='word_1_279' title='bbox 1079 2941 1178 2994; x_wconf 87' lang='lat' dir='ltr'><em>tomen</em></span> <span class='ocrx_word' id='word_1_280' title='bbox 1194 2929 1361 2994; x_wconf 72' lang='lat' dir='ltr'><em>inhaerente.</em></span> <span class='ocrx_word' id='word_1_281' title='bbox 1384 2932 1463 3006; x_wconf 91' lang='lat' dir='ltr'>I,10</span> <span class='ocrx_word' id='word_1_282' title='bbox 1478 2931 1520 2994; x_wconf 92' lang='grc'><em>15.</em></span> 
     </span>
     <span class='ocr_line' id='line_1_27' title="bbox 262 3030 1521 3118; baseline -0.002 -20"><span class='ocrx_word' id='word_1_283' title='bbox 262 3034 322 3099; x_wconf 84' lang='lat' dir='ltr'><em>Eat</em></span> <span class='ocrx_word' id='word_1_284' title='bbox 347 3037 438 3100; x_wconf 86' lang='lat' dir='ltr'><em>etiarn</em></span> <span class='ocrx_word' id='word_1_285' title='bbox 463 3033 627 3100; x_wconf 84' lang='lat' dir='ltr'><em>observatio</em></span> <span class='ocrx_word' id='word_1_286' title='bbox 653 3033 836 3109; x_wconf 72' lang='lat' dir='ltr'><em>necessu-ta,</em></span> <span class='ocrx_word' id='word_1_287' title='bbox 869 3053 930 3118; x_wconf 84' lang='lat' dir='ltr'><em>qun</em></span> <span class='ocrx_word' id='word_1_288' title='bbox 956 3032 1025 3118; x_wconf 80' lang='lat' dir='ltr'><em>qnia</em></span> <span class='ocrx_word' id='word_1_289' title='bbox 1051 3031 1085 3094; x_wconf 88' lang='lat' dir='ltr'><em>in</em></span> <span class='ocrx_word' id='word_1_290' title='bbox 1102 3030 1274 3118; x_wconf 83' lang='lat' dir='ltr'><em>pestilentia</em></span> <span class='ocrx_word' id='word_1_291' title='bbox 1298 3041 1401 3095; x_wconf 82' lang='lat' dir='ltr'><em>utatur</em></span> <span class='ocrx_word' id='word_1_292' title='bbox 1421 3030 1521 3095; x_wconf 73' lang='lat' dir='ltr'><em>adlisa</em></span> 
     </span>
     <span class='ocr_line' id='line_1_28' title="bbox 263 3128 1521 3222; baseline -0.004 -22"><span class='ocrx_word' id='word_1_293' title='bbox 263 3137 385 3222; x_wconf 78' lang='lat' dir='ltr'><em>inteper.</em></span> <span class='ocrx_word' id='word_1_294' title='bbox 407 3137 457 3211; x_wconf 94' lang='lat' dir='ltr'>II,</span> <span class='ocrx_word' id='word_1_295' title='bbox 482 3136 495 3197; x_wconf 98' lang='lat' dir='ltr'><em>l</em></span> <span class='ocrx_word' id='word_1_296' title='bbox 520 3155 548 3216; x_wconf 93' lang='lat' dir='ltr'><em>p.</em></span> <span class='ocrx_word' id='word_1_297' title='bbox 571 3135 629 3208; x_wconf 90' lang='grc'><em>30,</em></span> <span class='ocrx_word' id='word_1_298' title='bbox 651 3135 692 3197; x_wconf 89' lang='grc'><em>24</em></span> <span class='ocrx_word' id='word_1_299' title='bbox 712 3132 843 3219; x_wconf 87' lang='lat' dir='ltr'><em>insontes</em></span> <span class='ocrx_word' id='word_1_300' title='bbox 864 3143 1037 3218; x_wconf 82' lang='lat' dir='ltr'><em>tenerosque</em></span> <span class='ocrx_word' id='word_1_301' title='bbox 1057 3131 1156 3195; x_wconf 79' lang='lat' dir='ltr'><em>antu</em></span> <span class='ocrx_word' id='word_1_302' title='bbox 1173 3153 1296 3218; x_wconf 83' lang='lat' dir='ltr'><em>pueros.</em></span> <span class='ocrx_word' id='word_1_303' title='bbox 1319 3128 1401 3208; x_wconf 81' lang='lat' dir='ltr'>11,t</span> <span class='ocrx_word' id='word_1_304' title='bbox 1420 3153 1450 3215; x_wconf 90' lang='lat' dir='ltr'><em>p.</em></span> <span class='ocrx_word' id='word_1_305' title='bbox 1461 3134 1521 3210; x_wconf 84' lang='lat'>42,</span> 
     </span>
     <span class='ocr_line' id='line_1_29' title="bbox 264 3231 1521 3320; baseline -0.002 -20"><span class='ocrx_word' id='word_1_306' title='bbox 264 3239 302 3302; x_wconf 90' lang='grc'><em>21</em></span> <span class='ocrx_word' id='word_1_307' title='bbox 326 3237 445 3302; x_wconf 83' lang='lat' dir='ltr'><em>robusto</em></span> <span class='ocrx_word' id='word_1_308' title='bbox 466 3233 565 3298; x_wconf 73' lang='lat' dir='ltr'><em>adim</em></span> <span class='ocrx_word' id='word_1_309' title='bbox 586 3254 710 3320; x_wconf 74' lang='lat' dir='ltr'><em>eorpm</em></span> <span class='ocrx_word' id='word_1_310' title='bbox 718 3240 755 3316; x_wconf 83' lang='lat'><em>²).</em></span> <span class='ocrx_word' id='word_1_311' title='bbox 778 3273 817 3284; x_wconf 93' lang='lat'><em>-</em></span> <span class='ocrx_word' id='word_1_312' title='bbox 845 3231 957 3298; x_wconf 77' lang='lat' dir='ltr'><em>Aelius</em></span> <span class='ocrx_word' id='word_1_313' title='bbox 979 3254 999 3298; x_wconf 87' lang='lat' dir='ltr'><em>a</em></span> <span class='ocrx_word' id='word_1_314' title='bbox 1021 3235 1110 3299; x_wconf 83' lang='lat' dir='ltr'><em>Celso</em></span> <span class='ocrx_word' id='word_1_315' title='bbox 1132 3255 1186 3318; x_wconf 93' lang='lat' dir='ltr'><em>pro</em></span> <span class='ocrx_word' id='word_1_316' title='bbox 1207 3235 1297 3298; x_wconf 85' lang='lat' dir='ltr'><em>etiam</em></span> <span class='ocrx_word' id='word_1_317' title='bbox 1314 3234 1521 3318; x_wconf 87' lang='lat' dir='ltr'><em>comparativo</em></span> 
     </span>
     <span class='ocr_line' id='line_1_30' title="bbox 264 3337 765 3420; baseline -0.006 -16"><span class='ocrx_word' id='word_1_318' title='bbox 264 3359 322 3404; x_wconf 90' lang='lat' dir='ltr'><em>non</em></span> <span class='ocrx_word' id='word_1_319' title='bbox 343 3337 474 3420; x_wconf 89' lang='lat' dir='ltr'><em>apponi,</em></span> <span class='ocrx_word' id='word_1_320' title='bbox 495 3355 588 3420; x_wconf 85' lang='lat' dir='ltr'><em>supra</em></span> <span class='ocrx_word' id='word_1_321' title='bbox 609 3337 765 3401; x_wconf 83' lang='lat' dir='ltr'><em>annotavi.</em></span> 
     </span>
    </p>

    <p class='ocr_par' dir='ltr' id='par_1_4' title="bbox 261 3436 1521 4124">
     <span class='ocr_line' id='line_1_31' title="bbox 344 3436 1520 3520; baseline -0.001 -19"><span class='ocrx_word' id='word_1_322' title='bbox 344 3438 473 3514; x_wconf 87' lang='lat' dir='ltr'><em>Alios,</em></span> <span class='ocrx_word' id='word_1_323' title='bbox 506 3457 596 3520; x_wconf 86' lang='lat' dir='ltr'><em>quam</em></span> <span class='ocrx_word' id='word_1_324' title='bbox 624 3438 806 3519; x_wconf 82' lang='lat' dir='ltr'><em>particulam</em></span> <span class='ocrx_word' id='word_1_325' title='bbox 838 3459 857 3502; x_wconf 88' lang='lat' dir='ltr'><em>a</em></span> <span class='ocrx_word' id='word_1_326' title='bbox 885 3438 1027 3503; x_wconf 86' lang='lat' dir='ltr'><em>Oiosrouo</em></span> <span class='ocrx_word' id='word_1_327' title='bbox 1059 3445 1091 3502; x_wconf 89' lang='lat' dir='ltr'><em>et</em></span> <span class='ocrx_word' id='word_1_328' title='bbox 1118 3437 1255 3500; x_wconf 90' lang='lat' dir='ltr'><em>omnibus</em></span> <span class='ocrx_word' id='word_1_329' title='bbox 1289 3445 1361 3500; x_wconf 85' lang='lat' dir='ltr'><em>ante</em></span> <span class='ocrx_word' id='word_1_330' title='bbox 1388 3436 1520 3502; x_wconf 87' lang='lat' dir='ltr'><em>Plinium</em></span> 
     </span>
     <span class='ocr_line' id='line_1_32' title="bbox 264 3537 1521 3622; baseline -0.005 -16"><span class='ocrx_word' id='word_1_331' title='bbox 264 3539 405 3622; x_wconf 83' lang='lat' dir='ltr'><em>majoram</em></span> <span class='ocrx_word' id='word_1_332' title='bbox 434 3538 631 3622; x_wconf 81' lang='lat' dir='ltr'><em>scriptoribus</em></span> <span class='ocrx_word' id='word_1_333' title='bbox 663 3539 700 3602; x_wconf 85' lang='lat' dir='ltr'><em>da</em></span> <span class='ocrx_word' id='word_1_334' title='bbox 727 3547 879 3621; x_wconf 85' lang='lat' dir='ltr'><em>tompore,</em></span> <span class='ocrx_word' id='word_1_335' title='bbox 910 3559 971 3603; x_wconf 91' lang='lat' dir='ltr'><em>non</em></span> <span class='ocrx_word' id='word_1_336' title='bbox 1004 3539 1041 3602; x_wconf 85' lang='lat' dir='ltr'><em>do</em></span> <span class='ocrx_word' id='word_1_337' title='bbox 1066 3538 1131 3602; x_wconf 88' lang='lat' dir='ltr'><em>looo</em></span> <span class='ocrx_word' id='word_1_338' title='bbox 1159 3537 1313 3620; x_wconf 86' lang='lat' dir='ltr'><em>usurpari,</em></span> <span class='ocrx_word' id='word_1_339' title='bbox 1349 3537 1521 3618; x_wconf 82' lang='lat' dir='ltr'><em>Madvigius</em></span> 
     </span>
     <span class='ocr_line' id='line_1_33' title="bbox 264 3636 1520 3726; baseline -0.002 -21"><span class='ocrx_word' id='word_1_340' title='bbox 264 3637 475 3726; x_wconf 80' lang='lat' dir='ltr'><em>contendit³),</em></span> <span class='ocrx_word' id='word_1_341' title='bbox 503 3640 583 3722; x_wconf 87' lang='lat' dir='ltr'><em>apud</em></span> <span class='ocrx_word' id='word_1_342' title='bbox 608 3638 729 3702; x_wconf 81' lang='lat' dir='ltr'><em>Celsum</em></span> <span class='ocrx_word' id='word_1_343' title='bbox 751 3659 809 3703; x_wconf 89' lang='lat' dir='ltr'><em>non</em></span> <span class='ocrx_word' id='word_1_344' title='bbox 831 3659 900 3704; x_wconf 88' lang='lat' dir='ltr'><em>raro</em></span> <span class='ocrx_word' id='word_1_345' title='bbox 922 3639 944 3704; x_wconf 95' lang='grc'><em>1.</em></span> <span class='ocrx_word' id='word_1_346' title='bbox 965 3661 991 3704; x_wconf 91' lang='lat' dir='ltr'><em>s.</em></span> <span class='ocrx_word' id='word_1_347' title='bbox 1013 3659 1041 3720; x_wconf 93' lang='lat' dir='ltr'><em>q.</em></span> <span class='ocrx_word' id='word_1_348' title='bbox 1063 3637 1123 3702; x_wconf 87' lang='lat' dir='ltr'><em>ulio</em></span> <span class='ocrx_word' id='word_1_349' title='bbox 1145 3636 1224 3703; x_wconf 83' lang='lat' dir='ltr'><em>loeo:</em></span> <span class='ocrx_word' id='word_1_350' title='bbox 1245 3639 1303 3713; x_wconf 91' lang='lat' dir='ltr'><em>IV,</em></span> <span class='ocrx_word' id='word_1_351' title='bbox 1325 3641 1346 3702; x_wconf 85' lang='lat'>2</span> <span class='ocrx_word' id='word_1_352' title='bbox 1366 3638 1408 3702; x_wconf 92' lang='grc'><em>15.</em></span> <span class='ocrx_word' id='word_1_353' title='bbox 1431 3637 1520 3702; x_wconf 83' lang='lat' dir='ltr'><em>Nam</em></span> 
     </span>
     <span class='ocr_line' id='line_1_34' title="bbox 263 3737 1521 3828; baseline -0.003 -22"><span class='ocrx_word' id='word_1_354' title='bbox 263 3741 431 3819; x_wconf 79' lang='lat' dir='ltr'><em>naulorum,</em></span> <span class='ocrx_word' id='word_1_355' title='bbox 458 3742 595 3817; x_wconf 82' lang='lat' dir='ltr'><em>aurium,</em></span> <span class='ocrx_word' id='word_1_356' title='bbox 620 3739 755 3804; x_wconf 83' lang='lat' dir='ltr'><em>dentium</em></span> <span class='ocrx_word' id='word_1_357' title='bbox 777 3739 863 3806; x_wconf 82' lang='lat' dir='ltr'><em>dolor</em></span> <span class='ocrx_word' id='word_1_358' title='bbox 890 3750 918 3806; x_wconf 91' lang='lat' dir='ltr'><em>et</em></span> <span class='ocrx_word' id='word_1_359' title='bbox 942 3740 1059 3828; x_wconf 84' lang='lat' dir='ltr'><em>siquis</em></span> <span class='ocrx_word' id='word_1_360' title='bbox 1079 3737 1188 3804; x_wconf 84' lang='lat' dir='ltr'><em>similia</em></span> <span class='ocrx_word' id='word_1_361' title='bbox 1209 3750 1264 3814; x_wconf 84' lang='lat' dir='ltr'><em>est,</em></span> <span class='ocrx_word' id='word_1_362' title='bbox 1286 3738 1521 3806; x_wconf 66' lang='grc'><strong>5115551555-</strong></span> 
     </span>
     <span class='ocr_line' id='line_1_35' title="bbox 261 3837 1521 3928; baseline -0.003 -22"><span class='ocrx_word' id='word_1_363' title='bbox 261 3841 434 3928; x_wconf 86' lang='lat' dir='ltr'><em>plionndus.</em></span> <span class='ocrx_word' id='word_1_364' title='bbox 461 3841 502 3918; x_wconf 88' lang='lat' dir='ltr'><em>V,</em></span> <span class='ocrx_word' id='word_1_365' title='bbox 523 3840 580 3918; x_wconf 88' lang='grc'><em>28,</em></span> <span class='ocrx_word' id='word_1_366' title='bbox 604 3841 641 3904; x_wconf 92' lang='grc'><em>11</em></span> <span class='ocrx_word' id='word_1_367' title='bbox 664 3861 695 3924; x_wconf 94' lang='lat' dir='ltr'><em>p.</em></span> <span class='ocrx_word' id='word_1_368' title='bbox 716 3843 795 3918; x_wconf 83' lang='lat'>212,</span> <span class='ocrx_word' id='word_1_369' title='bbox 815 3837 836 3906; x_wconf 86' lang='lat' dir='ltr'><em>&#39;l</em></span> <span class='ocrx_word' id='word_1_370' title='bbox 857 3841 962 3928; x_wconf 81' lang='lat' dir='ltr'><em>qualia</em></span> <span class='ocrx_word' id='word_1_371' title='bbox 982 3851 1010 3906; x_wconf 88' lang='lat' dir='ltr'><em>et</em></span> <span class='ocrx_word' id='word_1_372' title='bbox 1030 3840 1123 3916; x_wconf 83' lang='lat' dir='ltr'><em>aliua,</em></span> <span class='ocrx_word' id='word_1_373' title='bbox 1150 3849 1179 3904; x_wconf 87' lang='lat' dir='ltr'><em>et</em></span> <span class='ocrx_word' id='word_1_374' title='bbox 1197 3838 1289 3925; x_wconf 76' lang='lat' dir='ltr'><em>paule</em></span> <span class='ocrx_word' id='word_1_375' title='bbox 1310 3848 1379 3904; x_wconf 85' lang='lat' dir='ltr'><em>onte</em></span> <span class='ocrx_word' id='word_1_376' title='bbox 1400 3838 1433 3902; x_wconf 88' lang='lat' dir='ltr'><em>in</em></span> <span class='ocrx_word' id='word_1_377' title='bbox 1454 3859 1521 3924; x_wconf 80' lang='lat' dir='ltr'><em>erp-</em></span> 
     </span>
     <span class='ocr_line' id='line_1_36' title="bbox 263 3935 1520 4030; baseline -0.004 -22"><span class='ocrx_word' id='word_1_378' title='bbox 263 3941 386 4030; x_wconf 84' lang='lat' dir='ltr'><em>sipelate</em></span> <span class='ocrx_word' id='word_1_379' title='bbox 401 3943 562 4028; x_wconf 79' lang='lat' dir='ltr'><em>proposui.</em></span> <span class='ocrx_word' id='word_1_380' title='bbox 589 3943 669 4018; x_wconf 88' lang='lat' dir='ltr'><em>VH,</em></span> <span class='ocrx_word' id='word_1_381' title='bbox 690 3945 712 4007; x_wconf 95' lang='grc'><strong>2</strong></span> <span class='ocrx_word' id='word_1_382' title='bbox 732 3943 863 4026; x_wconf 73' lang='lat' dir='ltr'><em>patr,</em></span> <span class='ocrx_word' id='word_1_383' title='bbox 884 3939 935 4008; x_wconf 86' lang='grc'><em>27.</em></span> <span class='ocrx_word' id='word_1_384' title='bbox 961 3945 1041 4018; x_wconf 88' lang='lat' dir='ltr'>VH,</span> <span class='ocrx_word' id='word_1_385' title='bbox 1063 3945 1083 4006; x_wconf 89' lang='lat'>2</span> <span class='ocrx_word' id='word_1_386' title='bbox 1104 3943 1155 4006; x_wconf 91' lang='grc'><em>55.</em></span> <span class='ocrx_word' id='word_1_387' title='bbox 1177 3943 1256 4017; x_wconf 90' lang='lat' dir='ltr'>VII,</span> <span class='ocrx_word' id='word_1_388' title='bbox 1277 3935 1309 4018; x_wconf 80' lang='grc'><strong>7,</strong></span> <span class='ocrx_word' id='word_1_389' title='bbox 1326 3939 1418 4004; x_wconf 90' lang='grc'><strong>1315.</strong></span> <span class='ocrx_word' id='word_1_390' title='bbox 1441 3941 1520 4017; x_wconf 92' lang='lat' dir='ltr'>VII,</span> 
     </span>
     <span class='ocr_line' id='line_1_37' title="bbox 266 4035 1420 4124; baseline -0.003 -14"><span class='ocrx_word' id='word_1_391' title='bbox 266 4047 305 4110; x_wconf 89' lang='lat'><em>10</em></span> <span class='ocrx_word' id='word_1_392' title='bbox 325 4045 366 4111; x_wconf 92' lang='grc'><em>15.</em></span> <span class='ocrx_word' id='word_1_393' title='bbox 397 4035 479 4120; x_wconf 89' lang='lat' dir='ltr'>VII,</span> <span class='ocrx_word' id='word_1_394' title='bbox 503 4045 556 4122; x_wconf 89' lang='grc'><em>12,</em></span> <span class='ocrx_word' id='word_1_395' title='bbox 578 4043 663 4112; x_wconf 88' lang='grc'><strong>315.</strong></span> <span class='ocrx_word' id='word_1_396' title='bbox 691 4044 771 4124; x_wconf 88' lang='lat' dir='ltr'>VH,</span> <span class='ocrx_word' id='word_1_397' title='bbox 796 4047 895 4112; x_wconf 90' lang='grc'><strong>1515.</strong></span> <span class='ocrx_word' id='word_1_398' title='bbox 918 4047 999 4122; x_wconf 93' lang='lat' dir='ltr'>VII,</span> <span class='ocrx_word' id='word_1_399' title='bbox 1020 4046 1077 4122; x_wconf 87' lang='grc'><strong>30,</strong></span> <span class='ocrx_word' id='word_1_400' title='bbox 1101 4045 1129 4107; x_wconf 94' lang='grc'><em>1.</em></span> <span class='ocrx_word' id='word_1_401' title='bbox 1151 4043 1228 4120; x_wconf 82' lang='grc'><strong>1111,</strong></span> <span class='ocrx_word' id='word_1_402' title='bbox 1249 4043 1305 4120; x_wconf 88' lang='grc'><strong>30,</strong></span> <span class='ocrx_word' id='word_1_403' title='bbox 1327 4043 1347 4106; x_wconf 89' lang='grc'><strong>3</strong></span> <span class='ocrx_word' id='word_1_404' title='bbox 1368 4043 1420 4106; x_wconf 92' lang='grc'><em>55.</em></span> 
     </span>
    </p>
   </div>
   <div class='ocr_carea' id='block_1_3' title="bbox 264 4295 1512 4630">
    <p class='ocr_par' dir='ltr' id='par_1_5' title="bbox 312 4295 732 4372">
     <span class='ocr_line' id='line_1_38' title="bbox 312 4295 732 4372; baseline -0.002 -17"><span class='ocrx_word' id='word_1_405' title='bbox 312 4295 332 4370; x_wconf 84' lang='lat'><em>¹)</em></span> <span class='ocrx_word' id='word_1_406' title='bbox 354 4299 447 4356; x_wconf 73' lang='lat' dir='ltr'><em>Hand.</em></span> <span class='ocrx_word' id='word_1_407' title='bbox 471 4318 493 4356; x_wconf 86' lang='lat' dir='ltr'><em>s.</em></span> <span class='ocrx_word' id='word_1_408' title='bbox 516 4319 545 4358; x_wconf 88' lang='lat' dir='ltr'><em>v.</em></span> <span class='ocrx_word' id='word_1_409' title='bbox 567 4317 634 4372; x_wconf 79' lang='lat' dir='ltr'><em>pag.</em></span> <span class='ocrx_word' id='word_1_410' title='bbox 661 4299 732 4356; x_wconf 85' lang='grc'><strong>154.</strong></span> 
     </span>
    </p>

    <p class='ocr_par' dir='ltr' id='par_1_6' title="bbox 264 4379 1512 4546">
     <span class='ocr_line' id='line_1_39' title="bbox 308 4379 1512 4458; baseline -0.004 -16"><span class='ocrx_word' id='word_1_411' title='bbox 308 4381 332 4458; x_wconf 85' lang='lat'><em>²)</em></span> <span class='ocrx_word' id='word_1_412' title='bbox 354 4385 401 4442; x_wconf 80' lang='lat' dir='ltr'><em>Otr</em></span> <span class='ocrx_word' id='word_1_413' title='bbox 428 4405 490 4458; x_wconf 85' lang='lat' dir='ltr'><em>quas</em></span> <span class='ocrx_word' id='word_1_414' title='bbox 511 4386 546 4444; x_wconf 86' lang='lat' dir='ltr'><em>ds</em></span> <span class='ocrx_word' id='word_1_415' title='bbox 568 4388 623 4444; x_wconf 87' lang='lat' dir='ltr'><em>han</em></span> <span class='ocrx_word' id='word_1_416' title='bbox 644 4383 786 4458; x_wconf 75' lang='lat' dir='ltr'><em>porticula</em></span> <span class='ocrx_word' id='word_1_417' title='bbox 806 4383 986 4454; x_wconf 81' lang='lat' dir='ltr'><em>disputarunt</em></span> <span class='ocrx_word' id='word_1_418' title='bbox 1011 4385 1104 4442; x_wconf 86' lang='lat' dir='ltr'><em>Hand.</em></span> <span class='ocrx_word' id='word_1_419' title='bbox 1127 4401 1149 4442; x_wconf 86' lang='lat' dir='ltr'><em>s.</em></span> <span class='ocrx_word' id='word_1_420' title='bbox 1173 4402 1201 4442; x_wconf 87' lang='lat' dir='ltr'><em>v.</em></span> <span class='ocrx_word' id='word_1_421' title='bbox 1228 4387 1258 4442; x_wconf 86' lang='lat' dir='ltr'><em>st</em></span> <span class='ocrx_word' id='word_1_422' title='bbox 1279 4381 1373 4442; x_wconf 82' lang='lat' dir='ltr'><em>Madv.</em></span> <span class='ocrx_word' id='word_1_423' title='bbox 1397 4381 1433 4438; x_wconf 86' lang='lat' dir='ltr'><em>ad</em></span> <span class='ocrx_word' id='word_1_424' title='bbox 1452 4379 1512 4438; x_wconf 78' lang='lat' dir='ltr'><em>(tio.</em></span> 
     </span>
     <span class='ocr_line' id='line_1_40' title="bbox 264 4471 695 4546; baseline 0.005 -18"><span class='ocrx_word' id='word_1_425' title='bbox 264 4471 326 4528; x_wconf 77' lang='lat' dir='ltr'><em>rin.</em></span> <span class='ocrx_word' id='word_1_426' title='bbox 352 4475 385 4540; x_wconf 89' lang='grc'><em>5,</em></span> <span class='ocrx_word' id='word_1_427' title='bbox 411 4476 444 4540; x_wconf 89' lang='grc'><em>5,</em></span> <span class='ocrx_word' id='word_1_428' title='bbox 471 4475 508 4530; x_wconf 91' lang='grc'><strong>16</strong></span> <span class='ocrx_word' id='word_1_429' title='bbox 531 4491 599 4546; x_wconf 79' lang='lat' dir='ltr'><em>pag.</em></span> <span class='ocrx_word' id='word_1_430' title='bbox 624 4475 695 4530; x_wconf 90' lang='grc'><strong>629.</strong></span> 
     </span>
    </p>

    <p class='ocr_par' dir='ltr' id='par_1_7' title="bbox 312 4553 1329 4630">
     <span class='ocr_line' id='line_1_41' title="bbox 312 4553 1329 4630; baseline -0.002 -14"><span class='ocrx_word' id='word_1_431' title='bbox 312 4553 336 4629; x_wconf 80' lang='lat'><em>³)</em></span> <span class='ocrx_word' id='word_1_432' title='bbox 357 4560 452 4620; x_wconf 84' lang='lat' dir='ltr'><em>Madv.</em></span> <span class='ocrx_word' id='word_1_433' title='bbox 476 4561 512 4616; x_wconf 85' lang='lat' dir='ltr'><em>ad</em></span> <span class='ocrx_word' id='word_1_434' title='bbox 534 4560 590 4618; x_wconf 78' lang='lat' dir='ltr'><em>cin.</em></span> <span class='ocrx_word' id='word_1_435' title='bbox 613 4560 674 4616; x_wconf 79' lang='lat' dir='ltr'><em>Vin.</em></span> <span class='ocrx_word' id='word_1_436' title='bbox 701 4557 729 4626; x_wconf 92' lang='lat'>1,</span> <span class='ocrx_word' id='word_1_437' title='bbox 753 4560 787 4626; x_wconf 82' lang='lat'>3,</span> <span class='ocrx_word' id='word_1_438' title='bbox 813 4561 841 4617; x_wconf 81' lang='lat' dir='ltr'><em>V.</em></span> <span class='ocrx_word' id='word_1_439' title='bbox 886 4557 934 4616; x_wconf 81' lang='lat' dir='ltr'><em>cfr</em></span> <span class='ocrx_word' id='word_1_440' title='bbox 956 4557 1048 4616; x_wconf 87' lang='lat' dir='ltr'><em>Hand.</em></span> <span class='ocrx_word' id='word_1_441' title='bbox 1071 4575 1093 4614; x_wconf 91' lang='lat' dir='ltr'><em>s.</em></span> <span class='ocrx_word' id='word_1_442' title='bbox 1115 4575 1143 4614; x_wconf 94' lang='lat' dir='ltr'><em>v.</em></span> <span class='ocrx_word' id='word_1_443' title='bbox 1166 4573 1232 4630; x_wconf 78' lang='lat' dir='ltr'><em>pag.</em></span> <span class='ocrx_word' id='word_1_444' title='bbox 1257 4557 1329 4614; x_wconf 85' lang='grc'><strong>224.</strong></span> 
     </span>
    </p>
   </div>
   <div class='ocr_carea' id='block_1_4' title="bbox 1715 2365 1723 2406">
    <p class='ocr_par' dir='ltr' id='par_1_8' title="bbox 1715 2365 1723 2406">
     <span class='ocr_line' id='line_1_42' title="bbox 1715 2365 1723 2406; baseline 0 0"><span class='ocrx_word' id='word_1_445' title='bbox 1715 2365 1723 2406; x_wconf 80' lang='lat' dir='ltr'><em>i</em></span> 
     </span>
    </p>
   </div>
   <div class='ocr_carea' id='block_1_5' title="bbox 1711 2653 1717 2834">
    <p class='ocr_par' dir='ltr' id='par_1_9' title="bbox 1711 2653 1717 2834">
     <span class='ocr_line' id='line_1_43' title="bbox 1711 2653 1717 2711; baseline 0 0"><span class='ocrx_word' id='word_1_446' title='bbox 1711 2653 1717 2711; x_wconf 83' lang='grc'><em>1</em></span> 
     </span>
     <span class='ocr_line' id='line_1_44' title="bbox 1712 2801 1715 2834; baseline 0 0"><span class='ocrx_word' id='word_1_447' title='bbox 1712 2801 1715 2834; x_wconf 78' lang='lat' dir='ltr'><em>r</em></span> 
     </span>
    </p>
   </div>
   <div class='ocr_carea' id='block_1_6' title="bbox 1711 2775 1722 3226">
    <p class='ocr_par' dir='ltr' id='par_1_10' title="bbox 1711 2775 1722 3226">
     <span class='ocr_line' id='line_1_45' title="bbox 1711 2775 1722 2816; baseline 0 0"><span class='ocrx_word' id='word_1_448' title='bbox 1711 2775 1722 2816; x_wconf 75' lang='grc'><strong>’1</strong></span> 
     </span>
     <span class='ocr_line' id='line_1_46' title="bbox 1711 2857 1722 2920; baseline 0 0"><span class='ocrx_word' id='word_1_449' title='bbox 1711 2857 1722 2920; x_wconf 76' lang='lat' dir='ltr'><em>t</em></span> 
     </span>
     <span class='ocr_line' id='line_1_47' title="bbox 1719 3077 1721 3124; baseline 0 0"><span class='ocrx_word' id='word_1_450' title='bbox 1719 3077 1721 3124; x_wconf 83' lang='grc'><em>1</em></span> 
     </span>
     <span class='ocr_line' id='line_1_48' title="bbox 1717 3167 1721 3226; baseline 0 0"><span class='ocrx_word' id='word_1_451' title='bbox 1717 3167 1721 3226; x_wconf 89' lang='grc'><em>1</em></span> 
     </span>
    </p>
   </div>
   <div class='ocr_carea' id='block_1_7' title="bbox 1710 3159 1718 3177">
    <p class='ocr_par' dir='ltr' id='par_1_11' title="bbox 1710 3159 1718 3177">
     <span class='ocr_line' id='line_1_49' title="bbox 1710 3159 1718 3177; baseline 0 0"><span class='ocrx_word' id='word_1_452' title='bbox 1710 3159 1718 3177; x_wconf 73' lang='lat' dir='ltr'><em>&#39;t</em></span> 
     </span>
    </p>
   </div>
   <div class='ocr_carea' id='block_1_8' title="bbox 1710 2979 1722 3039">
    <p class='ocr_par' dir='ltr' id='par_1_12' title="bbox 1710 2979 1722 3039">
     <span class='ocr_line' id='line_1_50' title="bbox 1710 2979 1722 3039; baseline 0 -19"><span class='ocrx_word' id='word_1_453' title='bbox 1710 2979 1722 3039; x_wconf 72' lang='lat' dir='ltr'><em>ll</em></span> 
     </span>
    </p>
   </div>
   <div class='ocr_carea' id='block_1_9' title="bbox 1703 3263 1721 3946">
    <p class='ocr_par' dir='ltr' id='par_1_13' title="bbox 1703 3263 1721 3946">
     <span class='ocr_line' id='line_1_51' title="bbox 1707 3263 1721 3330; baseline 0 0"><span class='ocrx_word' id='word_1_454' title='bbox 1707 3263 1721 3330; x_wconf 81' lang='grc'><em>’5</em></span> 
     </span>
     <span class='ocr_line' id='line_1_52' title="bbox 1706 3365 1721 3434; baseline 0 0"><span class='ocrx_word' id='word_1_455' title='bbox 1706 3365 1721 3434; x_wconf 84' lang='lat' dir='ltr'><em>u</em></span> 
     </span>
     <span class='ocr_line' id='line_1_53' title="bbox 1704 3569 1720 3638; baseline 0 0"><span class='ocrx_word' id='word_1_456' title='bbox 1704 3569 1720 3638; x_wconf 82' lang='lat' dir='ltr'><em>t</em></span> 
     </span>
     <span class='ocr_line' id='line_1_54' title="bbox 1704 3687 1720 3740; baseline 0 0"><span class='ocrx_word' id='word_1_457' title='bbox 1704 3687 1720 3740; x_wconf 83' lang='lat' dir='ltr'><em>n</em></span> 
     </span>
     <span class='ocr_line' id='line_1_55' title="bbox 1703 3895 1719 3946; baseline 0 0"><span class='ocrx_word' id='word_1_458' title='bbox 1703 3895 1719 3946; x_wconf 86' lang='lat' dir='ltr'><em>n</em></span> 
     </span>
    </p>
   </div>
   <div class='ocr_carea' id='block_1_10' title="bbox 1692 3786 1719 4150">
    <p class='ocr_par' dir='ltr' id='par_1_14' title="bbox 1692 3786 1719 4150">
     <span class='ocr_line' id='line_1_56' title="bbox 1703 3786 1711 3836; baseline 0 0"><span class='ocrx_word' id='word_1_459' title='bbox 1703 3786 1711 3836; x_wconf 81' lang='lat' dir='ltr'><em>r</em></span> 
     </span>
     <span class='ocr_line' id='line_1_57' title="bbox 1702 3940 1719 4054; baseline 0 0"><span class='ocrx_word' id='word_1_460' title='bbox 1702 3940 1719 4054; x_wconf 66' lang='grc'><strong>’5</strong></span> 
     </span>
     <span class='ocr_line' id='line_1_58' title="bbox 1692 4076 1719 4150; baseline 0.111 -3"><span class='ocrx_word' id='word_1_461' title='bbox 1692 4076 1719 4150; x_wconf 83' lang='lat' dir='ltr'><em>ll</em></span> 
     </span>
    </p>
   </div>
   <div class='ocr_carea' id='block_1_11' title="bbox 0 0 1739 5310">
    <p class='ocr_par' dir='ltr' id='par_1_15' title="bbox 0 0 1739 5310">
     <span class='ocr_line' id='line_1_59' title="bbox 0 0 1739 5310; baseline 0 0"><span class='ocrx_word' id='word_1_462' title='bbox 0 0 1739 5310; x_wconf 95' lang='lat' dir='ltr'><em> </em></span> 
     </span>
    </p>
   </div>
  </div>
 </body>
</html>
