3450 5310
310 389 349 452 14
831 389 861 450 (l.
885 393 919 450 A.
942 391 1053 454 Broleln.

390 563 593 652 Corripere
624 567 661 630 do
689 567 801 632 morbis
829 576 993 650 usurpetur
1021 579 1058 633 ut
1088 567 1167 632 idem
1198 567 1242 632 eit
1262 575 1353 652 etque
1374 567 1416 634 ael
1436 577 1565 634 6661661

302 667 497 754 proripuere
519 688 548 732 v.
570 677 593 732 t.
615 689 658 750 q.,
680 669 1217 751 666616616661161666611616661
1239 677 1348 750 poetae
1369 679 1400 734 et
1413 671 1564 752 posterio-

305 789 354 834 res
374 771 547 852 scriptores.
589 769 654 844 111,
675 763 704 844 7,
729 771 742 832 Ι
767 767 854 834 Nom
874 791 933 856 quo
954 768 1078 834 eeleriue
1099 770 1248 856 ejusmodi
1267 772 1564 855 6666161666πί-

281 871 406 958 -piuut,
427 891 460 936 eo
481 869 632 935 maturius
653 869 772 934 oueilio
792 907 832 918 -
854 872 1006 958 rapienda
1026 881 1105 936 eunt.
1137 872 1203 944 III,
1219 867 1271 945 27,
1296 871 1310 934 l
1334 872 1377 936 in.
1398 893 1434 936 66
1454 871 1565 936 eioor-

304 972 384 1058 repti
413 993 475 1036 666
506 981 590 1044 6661,
621 971 736 1035 diutius
763 973 886 1057 quidun
907 971 1024 1048 oiouut,
1056 972 1109 1037 sed
1129 992 1203 1036 raro
1222 981 1322 1036 166166
1342 973 1384 1036 ad
1404 973 1565 1038 6661161161

301 1073 489 1158 perueniunt.
533 1073 589 1147 Vl,
613 1073 661 1147 18,
681 1072 702 1136 9
722 1071 830 1138 subitis
851 1083 878 1138 61
897 1073 1088 1159 pravissimis
1110 1071 1222 1138 morbis
1243 1073 1373 1158 compti
1393 1083 1472 1138 suut.

388 1171 554 1238 Corooru
585 1173 680 1250 VIII,
705 1174 719 1236 l
744 1194 772 1256 p.
794 1172 872 1250 326,
894 1173 914 1238 6
941 1185 971 1238 et
998 1176 1103 1238 eedem
1125 1193 1191 1256 peg.
1214 1175 1234 1238 l.
1257 1174 1307 1236 31.
1351 1175 1420 1239 Hos
1440 1175 1563 1238 verbum

304 1295 364 1340 666
387 1285 534 1358 usurpent
556 1275 614 1338 nisi
636 1285 732 1356 poetes
753 1283 844 1357 etque
865 1287 1014 1356 argenteae
1036 1285 1084 1340 aet.
1106 1275 1226 1356 script,
1248 1293 1319 1338 nem
1340 1275 1404 1340 (lio.
1426 1276 1508 1340 N.D.
1533 1277 1562 1352 l,

289 1378 355 1453 24,
377 1376 419 1442 66
440 1377 583 1440 mutando
604 1375 692 1438 leotio
714 1385 777 1452 est3
798 1377 858 1439 vid.
881 1377 1069 1458 MedvIqum
1092 1377 1130 1440 ed
1152 1376 1216 1442 (lio.
1237 1377 1305 1440 Flo.
1330 1377 1358 1452 l,
1383 1376 1432 1452 18,
1453 1375 1502 1440 6l.

388 1475 546 1552 Curuus,
568 1477 687 1558 poetica
709 1478 770 1540 lere
791 1497 866 1552 vox,
889 1479 1022 1560 quentin
1038 1477 1290 1560 prostoretione,
1312 1477 1368 1540 nisi
1383 1478 1461 1542 Plio.
1476 1477 1563 1559 epist.

305 1578 341 1653 5,
363 1580 419 1653 21,
441 1579 475 1652 6,
506 1577 632 1640 inveniri
654 1587 743 1657 neget
763 1579 875 1640 Krebs.
896 1598 921 1642 s.
944 1599 990 1653 v.,
1023 1580 1102 1662 epod
1135 1579 1256 1644 Celsum
1285 1587 1332 1642 est
1357 1578 1563 1652 V11,31in.

304 1681 379 1755 VH,
401 1681 451 1743 32.
473 1679 564 1752 VIII,
589 1680 602 1740 l
617 1697 646 1760 p.
660 1677 797 1754 325,11.
821 1679 918 1754 VIII,
936 1679 973 1742 16
987 1682 1027 1744 in.
1040 1715 1079 1726 -·
1090 1681 1132 1755 V,
1147 1679 1198 1754 26,
1213 1677 1248 1754 5,
1269 1678 1319 1761 qui
1340 1679 1424 1742 loeus
1444 1680 1564 1744 ellst-

304 1781 376 1844 thiro
397 1781 427 1843 in
451 1781 547 1842 lexico
569 1781 712 1853 eilertur,
740 1800 818 1844 nuno
839 1781 985 1861 seriptum
1007 1791 1053 1844 est
1074 1780 1107 1844 iu
1129 1778 1229 1844 orbem
1250 1799 1305 1861 pro
1326 1801 1429 1844 ouruo.
1471 1781 1563 1844 Inve-

304 1882 385 1946 nitur
406 1891 506 1944 sutem
531 1881 593 1943 haee
615 1899 675 1942 vox
696 1880 787 1943 etiem
809 1879 884 1944 Sall.
907 1881 977 1944 hist.
999 1881 1036 1957 4,
1058 1881 1098 1944 35
1111 1875 1153 1971 ¹).

385 1981 540 2046 Debere.
583 1982 810 2064 Insolenti0qem
831 1981 1079 2064 significationem
1101 1983 1170 2046 huie
1191 1983 1283 2046 verbo
1303 1981 1427 2062 subjicit
1446 1981 1563 2056 Celsus,

302 2092 337 2146 ut
368 2084 444 2146 idem
471 2084 513 2146 sit
540 2092 631 2164 etque
652 2092 770 2146 uoluere
790 2083 944 2146 conuenire
966 2104 994 2146 v.
1016 2092 1039 2146 t.
1061 2103 1090 2165 q.
1112 2085 1237 2158 111,22
1259 2103 1288 2166 p.
1314 2084 1383 2158 Ill,
1405 2085 1443 2147 21
1467 2081 1562 2146 Fere-

302 2205 359 2270 que
379 2183 414 2246 id
430 2205 519 2268 poeee
539 2183 617 2246 iuter
635 2183 792 2268 principia
812 2204 921 2268 eorpus
937 2184 1008 2268 poti
1027 2183 1111 2250 debet
1131 2185 1151 2247 i.
1174 2205 1202 2248 a.
1224 2184 1384 2248 verisImile
1406 2194 1462 2251 est.
1488 2183 1562 2270 (cfr

302 2285 390 2349 Ovid.
413 2296 481 2348 met.
507 2286 555 2360 13,
575 2280 637 2349 876
662 2284 816 2368 Tantaque
837 2306 909 2361 oou,
930 2294 1077 2370 quonlam
1099 2282 1224 2372 Cyclope
1245 2286 1342 2348 iratus
1362 2283 1470 2348 leobere
1491 2283 1562 2348 De-

303 2385 381 2462 buit,
402 2385 456 2449 illa
469 2385 559 2470 suit).
603 2387 651 2460 II,
673 2385 692 2448 6
714 2405 742 2466 p.
765 2380 815 2460 37,
839 2384 878 2449 16
900 2407 932 2450 eo
954 2396 1101 2470 tempore,
1133 2407 1192 2471 quo
1217 2385 1343 2450 ebrietas
1368 2384 1445 2449 eoloe’
1464 2383 1560 2452 debet.

303 2487 369 2560 ΙΙΙ,
391 2489 433 2550 24
453 2487 495 2550 in.
517 2487 550 2550 ios
571 2485 680 2571 quibus
701 2483 822 2568 (oeulis)
844 2487 925 2572 quod
946 2486 1048 2550 album
1068 2508 1130 2552 esee
1151 2485 1248 2562 debet,
1260 2486 1302 2572 fit
1323 2484 1443 2552 luteum.
1465 2487 1560 2562 VIII,

302 2587 322 2651 9
344 2588 384 2650 iu.
407 2586 444 2649 ob
465 2608 525 2649 uuo
546 2595 573 2650 et
594 2586 732 2650 oe‘oeeimo
753 2587 818 2662 die,
839 2607 898 2672 quo
920 2588 1022 2674 utique
1042 2609 1075 2652 oe
1096 2609 1158 2654 esse
1179 2586 1262 2652 debu
1280 2585 1473 2672 plruiootum.
1515 2589 1560 2664 II,

301 2689 323 2754 4
344 2689 383 2752 in.
405 2689 526 2774 eipuum
547 2687 660 2752 molum
681 2697 724 2752 eet
744 2708 847 2751 somno
869 2685 950 2752 ultra
971 2687 1103 2754 debitum
1124 2689 1230 2775 uepere'
1250 2689 1269 2752 i.
1292 2707 1321 2752 6.
1342 2689 1560 2754 ultramodum

299 2789 425 2870 justum.

385 2888 576 2954 Desinere
597 2889 760 2971 saepissime
773 2910 832 2953 non
844 2891 983 2973 apposito
995 2891 1145 2955 infinitivo
1159 2891 1268 2954 dieitur
1283 2891 1319 2954 de
1333 2887 1446 2966 dolore,
1459 2887 1561 2974 febre,

301 2987 538 3076 inflammatione
560 3000 631 3065 oet,
663 3011 754 3073 quere
776 2992 882 3054 mirum
905 3002 968 3068 ost,
1000 2993 1161 3056 Krebsium
1184 2993 1341 3066 dubitare,
1373 3012 1444 3054 num
1467 2991 1560 3054 letius

300 3093 419 3156 dicetur
441 3091 560 3156 morbus
582 3091 692 3154 desiuit
713 3111 766 3174 pro
789 3113 824 3154 eo
847 3095 924 3175 quod
944 3093 1082 3168 6616511,
1103 3093 1237 3158 dissedit.
1269 3093 1442 3175 Numquam
1456 3099 1560 3156 eutem

301 3195 407 3258 (161666
429 3202 554 3275 usurpet
576 3193 728 3274 passivam
751 3195 876 3256 formem
900 3195 987 3276 hujus
1009 3195 1107 3270 verbi,
1137 3196 1190 3258 sed
1220 3193 1330 3276 passivi
1352 3192 1560 3276 666666166-

301 3295 396 3360 nitivo
420 3295 549 3358 activam
573 3295 696 3360 formam
721 3295 862 3376 apponit,
884 3297 967 3360 velut
988 3295 1031 3360 ali
1052 3295 1157 3371 desiit,
1177 3293 1257 3372 ferri
1282 3293 1379 3358 desiit
1422 3294 1479 3359 Gir
1492 3313 1560 3376 quae

188 3423 192 3432 ⁴
301 3397 337 3460 de
359 3397 450 3460 verbo
473 3397 551 3478 quod
573 3405 622 3458 est
642 3396 770 3481 eoepieee
793 3398 951 3472 annotavi,
973 3406 1005 3460 61
1025 3400 1158 3478 Draeger.
1180 3397 1219 3460 l.l.
1242 3415 1309 3476 pag.
1334 3389 1395 3460 137
1415 3415 1480 3478 sqq.

384 3497 484 3569 Quum
507 3496 614 3560 Celsus
635 3496 799 3578 saepissime
821 3505 925 3560 utetur
947 3500 1044 3562 forme
1065 3495 1314 3585 difficulter,
1335 3515 1396 3559 666
1417 3496 1483 3560 1666
1504 3513 1558 3578 pro

301 3598 444 3661 adverbio
467 3599 559 3662 56561
580 3595 779 3685 difficile,
801 3617 868 3680 quae
890 3600 987 3662 forme
1008 3619 1076 3662 raro
1099 3610 1130 3662 61
1152 3598 1232 3680 apud
1254 3597 1435 3680 posteriores
1446 3604 1558 3660 666161.

301 3699 395 3773 VIII,
420 3699 473 3772 10,
498 3700 511 3760 l
536 3718 566 3778 p.
588 3697 659 3771 345,
683 3699 737 3760 13:
760 3697 814 3761 665
837 3720 898 3783 qua
913 3696 1176 3785 (inflammatione)
1197 3708 1225 3764 61
1245 3696 1372 3786 diffieile
1392 3708 1421 3764 et
1436 3697 1558 3784 perieu-

300 3797 360 3864 lose
381 3799 427 3862 oie
447 3800 548 3863 ueroie
569 3797 736 3862 adhibetur.

383 3899 574 3986 Diperere
596 3919 654 3962 non
676 3900 772 3964 solum
794 3900 905 3964 dieitur
926 3901 963 3964 de
984 3901 1051 3966 oibo
1073 3901 1163 3964 etde
1185 3920 1363 3984 unaqueque
1384 3899 1557 3964 1661611616

301 4021 409 4083 oorpos
431 4001 621 4084 dissipando,
642 4001 726 4064 velut
747 4002 804 4076 IV,
826 4001 868 4066 29
890 4023 948 4087 quo
967 4000 1091 4083 facilius
1111 4023 1161 4078 eo,
1193 4023 1262 4087 quoe
1288 4000 1421 4066 ooeuudo
1448 4021 1559 4066 66666-

299 4112 387 4178 runt,
410 4102 602 4188 diperootur,·
632 4103 721 4166 etde
743 4111 809 4166 1616
831 4123 967 4185 corpore,
1000 4113 1034 4167 ut
1055 4103 1134 4166 idem
1156 4104 1304 4185 significet
1325 4103 1405 4185 quod
1417 4099 1558 4187 fluidum

299 4204 439 4279 reddere,
471 4202 631 4280 resoluere,
663 4204 748 4266 velut
768 4205 785 4267 Ι
806 4224 938 4286 prooem.
959 4225 988 4286 p.
1014 4205 1062 4281 10,
1086 4205 1102 4267 1
1125 4204 1153 4267 ee'
1172 4225 1281 4289 eorpus
1302 4203 1481 4268 adstriotum
1500 4211 1557 4279 eet,

300 4303 499 4389 dipereudum
529 4324 607 4380 esee3
638 4305 690 4366 sed
722 4305 814 4367 etiam
848 4305 1028 4386 peculiarem
1061 4305 1153 4370 hebet
1175 4306 1345 4380 notionem,
1366 4313 1402 4368 ut
1422 4305 1464 4368 sit
1484 4304 1504 4368 i.
1527 4323 1556 4367 6.

298 4427 408 4490 eorpus
440 4405 572 4489 opilare,
606 4425 732 4470 movere.
765 4407 991 4480 11,15med.:
1020 4427 1057 4472 ue
1082 4405 1265 4471 imbecillum
1288 4405 1437 4472 homiuem
1464 4405 1557 4470 niueis

349 4619 369 4695 ¹)
391 4623 437 4680 Cir
459 4612 595 4697 Oslling„
618 4624 659 4680 De
680 4623 837 4682 elooutions
857 4623 888 4681 0.
911 4623 1037 4682 Sallustii
1058 4623 1155 4696 Crispi.
1189 4622 1256 4694 Ups.
1282 4621 1374 4680 1862.
