3450 5310
539 379 579 438 De
600 381 757 442 elocutione
777 377 811 439 Δ.
834 377 954 438 Cornelii
975 377 1056 438 coni.
1409 377 1427 435 b

177 557 219 622 23
239 557 290 620 lin.
308 529 469 641 '1v‚tfln.
490 555 604 631 1v‚1s
625 551 733 639 med).
775 552 879 638 Atque
900 555 1063 638 ambigitur
1083 549 1203 636 quidem
1224 553 1303 618 inter
1324 552 1429 616 doctus

177 658 274 733 viros,
295 677 366 722 num
387 656 452 738 ipse
473 675 588 740 quoque
609 656 714 720 Celsus
736 657 873 719 medendi
895 643 990 720 artem
1012 657 1163 738 protessus
1185 653 1243 730 sit,
1275 673 1369 736 neque
1391 673 1430 716 cx

177 758 326 834 isiacis,
347 759 398 840 qni
419 777 459 820 ex
479 758 564 822 libris
585 757 649 838 ejus
671 757 841 820 alienentur
854 758 899 842 ¹),
920 759 996 821 satis
1017 763 1159 838 apparet,
1191 763 1292 820 utrum
1312 765 1344 818 et
1364 754 1430 836 ipse

178 868 274 924 artem
295 860 478 933 exercuerit,
499 879 537 922 en
560 877 613 939 per
634 857 725 920 libros
747 857 924 922 stallorum
947 859 1154 942 experimenta
1181 855 1326 920 didicerit.
1368 855 1431 919 Ut-

179 979 304 1042 cumque
325 968 424 1023 antem
446 967 493 1022 est
514 995 554 1006 -
576 977 673 1040 neque
694 959 828 1040 equidem
849 959 929 1022 hanc
951 957 1145 1041 quaestionem
1167 957 1268 1038 magni
1288 956 1431 1020 momenti

178 1081 242 1124 esse
273 1060 442 1142 putaverim
463 1095 504 1106 -
526 1067 607 1124 certe
640 1060 732 1122 libros
760 1078 829 1122 snos
857 1061 901 1123 ita
922 1059 1106 1140 composuit,
1137 1063 1173 1120 ut
1193 1058 1311 1120 etiamsi
1334 1065 1430 1120 artem

178 1161 310 1242 profiteri
330 1161 472 1235 noluerit,
496 1181 564 1224 enm
585 1170 686 1224 tamen
708 1160 840 1242 potuisse
861 1161 993 1242 profiteri
1015 1159 1102 1222 facile
1123 1177 1226 1222 omues
1255 1159 1430 1222 concedant.

178 1261 280 1343 Atqne
300 1261 396 1326 ultera
416 1280 532 1344 quoqne
554 1279 602 1324 ras
624 1268 686 1336 est,
707 1281 767 1343 que
788 1263 1010 1342 comprobatur,
1030 1260 1151 1324 Celsum
1173 1260 1299 1322 aliorum
1313 1259 1431 1340 opinio·

178 1363 265 1426 nibus
287 1381 347 1424 nnn
369 1361 521 1426 addictum
543 1363 654 1436 luisse,
683 1363 736 1424 sed
763 1369 795 1424 et
820 1381 875 1426 suo
898 1362 1008 1442 judicic
1030 1361 1150 1424 stetisse
1171 1369 1202 1423 et
1223 1362 1260 1424 de
1282 1359 1432 1423 medicina

179 1463 292 1545 optime
314 1483 380 1526 esse
401 1463 551 1526 meritum.
594 1463 699 1545 Neque
722 1461 800 1524 enim
822 1463 853 1526 iu
877 1463 1011 1544 eligendo
1033 1461 1130 1524 solum
1151 1481 1269 1524 summa
1294 1461 1432 1524 doctriua

177 1572 268 1646 atque
301 1564 463 1645 prudentia
494 1583 565 1628 usus
597 1572 660 1638 est,
692 1564 745 1626 sed
771 1563 817 1626 ita
843 1563 933 1626 etiam
961 1563 1091 1644 putebat
1111 1582 1143 1624 se
1165 1562 1294 1626 maxime
1316 1561 1431 1624 civibus

180 1664 295 1728 suiset
316 1664 375 1728 arti
403 1663 556 1728 medicine
588 1665 788 1746 profuturum,
809 1665 836 1727 si
857 1683 904 1739 ea,
926 1683 992 1746 qum
1013 1663 1062 1726 vel
1084 1663 1191 1726 medici
1213 1661 1322 1726 litteris
1343 1683 1432 1726 man-

179 1765 304 1828 dassent
334 1765 383 1827 vel
414 1765 534 1828 aliunde
556 1765 725 1828 bominibus
746 1765 894 1828 saluteris
915 1785 980 1828 esse
1003 1764 1212 1845 comperisset,
1244 1783 1303 1826 nou
1335 1765 1431 1826 solum

179 1865 423 1940 enumeravisset,
444 1867 496 1928 sed
518 1866 548 1930 in
571 1875 655 1928 certa
675 1865 812 1948 quaedam
834 1885 944 1947 genera
966 1865 1091 1930 diducta
1111 1873 1142 1928 et
1163 1865 1193 1926 in
1220 1884 1310 1928 unum
1340 1864 1432 1928 disci·

179 1965 268 2048 plinae
290 1985 397 2048 corpus
418 1966 544 2030 collecta
564 1967 761 2048 exposuisset.
804 1967 909 2048 Itaque
930 1986 967 2029 ea
988 1985 1054 2048 qnae
1076 1966 1168 2028 aliem
1182 1965 1226 2028 ita
1240 1965 1336 2046 perite
1349 1984 1432 2028 oom-

179 2067 280 2147 pesuit
312 2076 509 2148 accurateque
541 2067 710 2142 distribuit,
742 2075 777 2131 ut
807 2075 839 2130 et
870 2067 1008 2140 Graecos,
1040 2066 1091 2147 qui
1118 2075 1189 2128 ante
1210 2085 1278 2130 eum
1300 2067 1432 2142 inerant,

179 2165 267 2230 facile
298 2176 455 2248 superaret
486 2176 517 2230 et
548 2169 660 2248 primus
692 2167 871 2230 medicinam
899 2167 1074 2230 adsertam
1097 2166 1171 2230 artis
1194 2167 1432 2248 atqueratiouis

180 2271 304 2330 formam
337 2268 483 2348 redegisse
516 2269 666 2348 putandus
699 2269 750 2330 sit.
796 2266 864 2338 Quo
897 2269 1011 2330 lactum
1039 2275 1101 2342 est,
1132 2276 1167 2330 ut
1194 2269 1225 2330 in
1248 2267 1328 2331 Celsi
1349 2269 1432 2332 libris

179 2367 328 2450 potiorem
350 2369 481 2450 antique
503 2369 658 2432 medicine
679 2377 796 2449 partem
819 2369 950 2432 breviter
971 2376 1002 2431 et
1024 2377 1164 2432 accurate
1187 2369 1431 2450 comprehensam

180 2468 366 2550 dilucideque
388 2478 560 2532 enarratam
582 2470 768 2532 inveniamus
781 2469 821 2554 ²).

263 2567 381 2640 Quibus
403 2570 560 2633 decausis
582 2591 671 2652 quum
694 2570 772 2633 inter
799 2589 864 2646 eos,
896 2568 945 2650 qui
974 2567 1128 2632 medicina
1155 2569 1293 2645 student,
1325 2591 1431 2636 nomeu

179 2669 244 2750 ejus
266 2689 384 2752 semper
405 2689 545 2751 magnum
567 2672 668 2746 fuerit,
691 2679 755 2734 tum
776 2691 846 2734 veru
868 2669 1020 2732 scribendi
1042 2677 1107 2732 arte
1129 2689 1211 2752 aeque
1223 2671 1360 2748 excellit,
1380 2695 1433 2738 ce-

179 2779 319 2853 terosque
352 2770 403 2852 qui
434 2771 539 2834 Rcmae
571 2773 756 2835 exstiterunt
787 2771 941 2834 medicine
962 2770 1121 2850 scriptores
1143 2790 1202 2834 non
1225 2773 1320 2852 magis
1341 2795 1433 2861 argu-

180 2881 347 2934 mentorum
368 2871 455 2952 copia
477 2880 508 2934 et
529 2883 743 2954 preceptorum
766 2872 914 2953 gravitate
935 2879 1057 2952 superat
1072 2889 1160 2952 qnam
1175 2873 1322 2936 sermonis
1337 2875 1433 2940 nitore
1547 2901 1552 2914 ·

180 2980 270 3053 atque
292 2972 452 3052 elegantia.
494 2973 545 3036 Ad
567 2974 646 3055 qnod
667 2974 739 3036 illud
760 2992 876 3054 qnoque
897 2981 1033 3053 spectare
1048 2972 1153 3046 credo,
1175 2974 1252 3053 quod
1267 2995 1431 3056 cognomen

181 3071 209 3132 ei
240 3071 366 3134 inditum
399 3081 447 3134 est
478 3072 661 3138 medicorum
685 3071 797 3136 Cicero.
839 3074 943 3154 Neque
965 3071 1085 3135 difficile
1108 3081 1154 3134 est
1174 3072 1286 3150 videre,
1319 3087 1432 3158 quanto

181 3171 288 3234 Celsus
309 3171 415 3234 ceteris
436 3182 560 3252 praestet
581 3175 735 3236 medicine
755 3174 960 3254 scriptoribus.
1004 3171 1065 3243 Qui
1092 3173 1171 3236 enim
1198 3193 1256 3236 non
1284 3177 1371 3240 multi
1391 3180 1431 3242 ad

181 3280 317 3336 nostram
347 3280 468 3336 aetatem
501 3283 701 3354 pervenerunt
733 3273 801 3336 libri
822 3275 861 3336 ab
883 3273 950 3336 aliis
973 3273 1009 3334 de
1031 3273 1257 3338 medicamentis
1278 3285 1309 3339 et
1330 3297 1432 3342 eorum

181 3371 396 3454 compositione
419 3375 595 3455 conscripti.
616 3384 647 3438 et
667 3373 800 3456 plerique
822 3393 859 3436 ex
879 3373 980 3436 infima
1001 3373 1107 3453 linguae
1128 3375 1229 3437 latinae
1245 3385 1334 3442 aetate
1349 3388 1432 3456 suut,

181 3481 212 3536 et
233 3473 303 3556 quia
324 3475 354 3536 in
376 3473 441 3536 vita
462 3475 638 3556 quotidiana
659 3475 801 3540 continuo
823 3494 878 3538 usu
901 3473 1124 3538 adhibebantur
1146 3483 1178 3538 et
1199 3477 1371 3558 frequenter
1391 3483 1431 3544 ab

181 3573 308 3638 indoctis
329 3574 501 3638 bominibus
523 3577 780 3654 describebantur,
803 3582 868 3638 tam
889 3583 960 3638 sunt
981 3575 1140 3656 depravati
1158 3585 1279 3660 tamque
1295 3581 1432 3660 pessimis

181 3674 271 3738 rebus
293 3683 324 3738 et
343 3695 478 3740 sermone
499 3676 737 3758 inquinatissima
770 3675 887 3751 referti,
920 3676 973 3738 vix
999 3684 1033 3738 ut
1054 3675 1180 3758 intelligi
1201 3679 1316 3759 possint
1337 3702 1432 3765 neque

182 3783 262 3838 certe
293 3775 353 3838 ullo
385 3776 473 3840 modo
495 3797 562 3842 cum
583 3779 795 3861 perspicuitate
817 3786 848 3840 et
870 3777 1018 3858 elegantia
1039 3777 1120 3840 Celsi
1141 3780 1318 3860 comparari.
1360 3784 1432 3848 Jam

181 3895 253 3940 vero
275 3875 362 3955 hujus
383 3895 551 3940 sermonem
572 3889 684 3962 quauta
706 3887 810 3944 secuta
831 3879 872 3942 sit
893 3878 1069 3953 admiratio,
1101 3897 1141 3942 ex
1165 3877 1223 3942 hcc
1248 3901 1362 3964 quoque
1383 3884 1432 3947 in-

181 3975 334 4058 telligitur,
365 3978 444 4058 quod
476 3997 566 4060 quum
593 4000 652 4044 nou
678 3987 845 4054 constaret,
876 3998 933 4060 qno
954 3987 1088 4060 tempore
1108 3989 1198 4044 natus
1219 3989 1313 4058 esset,
1345 3985 1432 4049 multi

180 4077 317 4154 inerunt,
337 4077 388 4160 qui
410 4097 476 4142 enm
499 4099 611 4156 aurea,
632 4101 697 4164 quse
719 4089 858 4154 vocatur,
890 4079 975 4144 aetati
996 4080 1251 4144 adnumerandum
1272 4102 1340 4148 esse
1360 4105 1432 4150 ceu·

183 4187 293 4242 serent.
336 4177 426 4250 Quod
447 4197 624 4263 quamquem
640 4183 737 4246 minus
758 4201 797 4245 ex
810 4180 976 4246 elocutione
990 4181 1053 4262 ejus
1068 4181 1196 4264 quaesita
1209 4181 1325 4248 ratione
1341 4205 1431 4268 qnam

230 4389 252 4466 ¹)
273 4395 338 4454 Vid.
361 4397 473 4466 masat,
496 4399 538 4455 l.l.
561 4417 628 4472 pag.
654 4401 712 4456 117
737 4419 798 4472 sqq.

187 4477 319 4626 18320i11
339 4483 456 4646 13:514
461 4485 497 4630 {q
516 4503 654 4558 prooem,
676 4489 809 4556 Hecker„
835 4486 1020 4544 «Geschichte
1038 4479 1287 4556 derHeilkumde»',
1309 4490 1430 4548 Berolin.
