3450 5310
531 390 572 446 De
592 389 750 447 elocutione
771 389 805 446 A.
828 389 949 448 cornelii
970 389 1051 447 Celsi.
1383 391 1422 450 35

169 561 261 626 tentia
282 559 498 632 enuntiationis
520 563 733 628 conditionalis
754 573 884 647 ponetur
897 563 1088 647 participium
1105 565 1196 627 futuri
1216 565 1322 642 activi,
1344 567 1424 648 apud

169 664 286 728 Celsum
309 681 369 726 uon
391 671 448 726 est.
492 663 538 728 De
570 665 737 748 participiis
769 667 1027 730 substantivorum
1049 666 1242 746 locopositis
1264 687 1357 750 supra
1379 668 1425 730 lo-

170 773 254 828 eutus
275 783 352 828 sum.

249 866 308 928 Pro
324 865 528 930 enuntiatione
541 865 716 930 concessivo
730 875 882 948 ponuntur
896 867 1056 950 participia
1071 887 1138 931 curn
1153 868 1302 950 particule
1316 890 1425 953 quum-

168 965 211 1030 uie
232 966 394 1046 conjuncta
414 967 475 1042 IV,
495 967 516 1030 5
536 969 577 1030 in.
603 965 700 1030 Aliud
721 977 839 1043 numm,
871 969 1012 1052 quumvis
1042 989 1103 1032 uon
1134 967 1259 1032 multum
1290 969 1425 1045 distans,

168 1064 279 1130 malum
298 1065 431 1150 precede
452 1077 502 1130 est.
525 1069 566 1142 V,
586 1067 637 1142 26,
660 1068 701 1130 34
722 1088 751 1150 p.
776 1068 845 1143 198,
866 1071 908 1132 24
929 1065 1047 1134 Grauia
1068 1089 1197 1154 quoque,
1218 1071 1426 1154 6166161116-

164 1167 343 1251 primentia,
377 1166 477 1232 alieno
504 1177 582 1233 suut.
626 1169 727 1234 Unum
750 1155 917 1252 exemplum
938 1171 1058 1247 inveni,
1092 1171 1143 1242 ubi
1165 1171 1300 1234 similiter
1321 1172 1425 1252 adjec-

167 1269 260 1332 tivum
292 1267 464 1332 adhibetur:
497 1269 608 1346 11,10
630 1290 659 1352 p.
681 1269 721 1332 53
743 1271 794 1332 fin.
817 1279 1032 1357 sompnoque,
1065 1271 1205 1358 quamvis
1231 1271 1330 1358 pejor,
1361 1269 1426 1334 soie

167 1379 265 1432 toruen
285 1368 401 1432 occano
422 1390 483 1432 non
504 1353 667 1434 emittentia
687 1379 730 1433 est
742 1370 782 1454 1).

248 1469 416 1552 Participia
448 1471 478 1533 in
503 1471 654 1534 ablativis
677 1469 823 1534 absolutis
846 1491 912 1534 cnm
935 1473 1090 1554 particulis
1113 1473 1278 1554 conjuncta
1299 1493 1353 1556 pro
1375 1494 1425 1537 se-

167 1571 318 1636 cundariis
340 1571 598 1636 enuntiationibus
620 1581 813 1654 usurpantur,
835 1593 901 1636 curn
924 1573 986 1636 nisi
1007 1593 1065 1637 non
1088 1593 1171 1649 raro,
1198 1575 1280 1638 velut
1301 1576 1363 1649 III,
1386 1575 1426 1638 18

168 1691 196 1752 p.
218 1670 269 1746 99,
294 1666 332 1734 17
361 1671 423 1734 nisi
440 1669 524 1752 febre
545 1672 668 1736 intentu.
697 1675 745 1748 ΙΙ,
766 1675 807 1736 22
829 1693 858 1755 p.
883 1675 959 1750 112,
981 1675 1022 1739 28
1049 1675 1111 1738 uisi
1131 1676 1208 1738 tussi
1225 1674 1331 1757 finitu3
1358 1695 1424 1739 cnm

168 1772 257 1857 queri
277 1773 345 1856 111,
366 1772 388 1835 4
414 1793 443 1854 p.
461 1773 503 1836 80
524 1774 575 1836 lin.
603 1773 692 1857 quasi
713 1772 873 1854 leuioribus
894 1775 1110 1839 accessionibus
1131 1775 1312 1841 instantibus
1318 1799 1331 1852 ‚·
1356 1797 1424 1840 curn

168 1882 323 1958 tamquam
354 1874 403 1937 111
411 1920 420 1948 ,
444 1873 483 1936 18
511 1895 540 1956 p.
561 1873 602 1938 99
624 1875 665 1937 in.
697 1883 853 1960 tamquam
881 1875 1008 1940 tenebris
1033 1877 1110 1962 epeia
1135 1878 1313 1950 terrentibus
1319 1902 1332 1955 ,·
1357 1897 1425 1942 cum

166 1983 265 2060 repete
287 1973 366 2050 VII,
390 1975 429 2038 18
450 1977 621 2060 16,,116611
642 1973 783 2040 alimento
804 1978 915 2041 amisso
928 1977 969 2064 ²).

698 2171 896 2184 -——-—

659 2471 709 2554 ile
733 2473 935 2574 particulis.
1000 2521 1003 2526 ·

249 2652 378 2726 Restat,
401 2661 435 2714 ut
457 2652 493 2714 de
516 2651 731 2733 particularum
753 2672 809 2714 usu
832 2673 868 2716 en
889 2655 1031 2730 afferam,
1053 2675 1118 2736 quae
1141 2655 1221 2736 apud
1243 2654 1364 2718 celsum
1378 2655 1426 2718 In-

169 2753 235 2816 veni
260 2753 472 2818 observatione
494 2753 595 2833 digne.

513 2946 555 3014 ile
577 2943 732 3013 adverbiis
756 2947 788 3014 ei
810 2948 1082 3032 coniunctiouIbne.

251 3071 406 3136 Abunde
427 3094 445 3136 a
467 3073 556 3138 Celso
579 3095 645 3138 cum
670 3077 760 3137 verbo
782 3096 843 3138 esse
865 3076 1062 3156 conjungitur,
1084 3085 1117 3143 ut
1131 3097 1150 3139 a
1163 3077 1338 3152 Columella,
1352 3079 1426 3140 ¹Ta·

168 3177 243 3252 cito,
267 3175 364 3238 Plinio
386 3175 508 3237 minore.
550 3176 679 3238 Prorsus
701 3176 780 3238 idern
803 3177 922 3238 videtur
935 3177 1102 3256 significare
1117 3186 1207 3260 atque
1221 3177 1294 3240 satis
1306 3175 1345 3263 ³).
1368 3179 1427 3242 Se-

172 3277 274 3359 quitur
306 3287 406 3340 antem
433 3295 549 3358 semper
573 3276 748 3338 iuiinitivus.
780 3277 810 3352 Ι,
831 3278 851 3338 3
873 3297 900 3358 p.
926 3276 973 3352 16,
996 3279 1032 3340 31
1057 3275 1144 3345 Huic
1164 3273 1283 3341 abunde
1303 3289 1346 3342 est
1365 3277 1427 3342 loeo

169 3377 271 3463 tepido
292 3376 444 3440 demittere
466 3396 497 3440 se
518 3375 693 3462 inpuiuibuo
714 3386 800 3440 tersus
821 3377 854 3440 in
876 3399 987 3462 equom
1007 3373 1148 3446 calidam.
1170 3381 1227 3454 IV,
1248 3380 1289 3442 20
1311 3399 1339 3460 p.
1357 3379 1426 3456 146,
1485 3439 1488 3449 .

171 3479 209 3542 16
230 3478 266 3542 id
286 3477 367 3542 euim
387 3475 504 3540 duobus
525 3486 577 3538 eut
598 3477 695 3540 tribuo
715 3476 788 3542 loeis
809 3479 883 3540 eutis
904 3488 963 3554 est,·
984 3499 1021 3543 eo
1035 3479 1137 3544 ceteris
1151 3479 1293 3564 spiritum
1307 3501 1427 3546 euocare

170 3579 287 3644 abunde
308 3587 360 3642 est.
382 3578 423 3653 V,
445 3577 497 3652 25,
519 3580 548 3640 2.
570 3579 634 3662 VI,
656 3575 686 3655 1,
705 3579 728 3641 8
750 3579 799 3642 fic.
822 3579 902 3656 VII,
926 3579 965 3642 14
986 3601 1015 3662 p.
1037 3581 1114 3656 291,
1138 3581 1186 3656 18.
1208 3580 1302 3656 VIII,
1323 3581 1344 3646 9
1364 3582 1405 3646 in.

252 3678 357 3746 Adeo
389 3679 571 3744 conclusioni
603 3679 729 3742 inservit
761 3681 826 3756 III,
847 3681 868 3745 4
889 3701 918 3764 p.
939 3681 991 3758 81,
1015 3681 1054 3746 19
1075 3679 1161 3745 Adeo
1183 3691 1327 3766 apparet,
1349 3705 1427 3768 qua-

169 3802 297 3868 cumque
317 3780 433 3844 rutebne
454 3779 497 3842 cd
516 3801 675 3868 numerum
696 3783 903 3865 respersimus,
924 3781 1001 3846 nibil
1021 3783 1150 3847 rationis
1171 3781 1226 3846 sub
1240 3781 1291 3846 illo
1305 3783 1427 3869 quidem

169 3893 289 3946 auctore
317 3879 457 3966 reperiri.
490 3881 554 3955 III,
578 3880 616 3942 15
637 3901 666 3964 p.
689 3880 740 3956 96,
762 3883 804 3945 20
835 3879 924 3962 Quod
945 3893 978 3946 ut
999 3885 1145 3948 sustinere
1172 3883 1284 3968 aliquis
1312 3887 1426 3972 possit,

170 3993 268 4048 lemen
289 3983 379 4048 ctiam
393 3979 484 4069 febre
504 3979 648 4044 liberatus
669 3983 722 4046 cie
742 3981 897 4068 refectioni
917 3982 1039 4050 valebit:
1060 3983 1134 4048 adeo
1155 3984 1183 4047 si
1197 3983 1298 4071 febris
1313 3987 1426 4071 eaepius

170 4086 337 4160 accesserit,
368 4081 509 4146 concidet.
552 4083 597 4146 De
619 4083 675 4149 hoc
696 4103 766 4160 usu,
799 4084 882 4166 cujus
909 4087 990 4168 apud
1018 4085 1191 4151 Ciceronem
1220 4093 1252 4148 et
1272 4085 1425 4152 Osesarem

173 4213 370 4224 —u—-ua—

221 4265 240 4342 ¹)
262 4270 309 4326 Gir
330 4269 425 4326 Madv.
448 4285 566 4342 gramm.
589 4269 605 4336 θ
628 4269 689 4327 424
713 4288 778 4326 ann.
803 4272 822 4326 4
845 4277 873 4332 61
895 4273 912 4343 5
935 4273 996 4330 443
1021 4289 1101 4338 enm,
1130 4273 1159 4328 eb
1181 4290 1243 4344 quen
1264 4272 1298 4331 de
1319 4275 1373 4331 hac
1394 4291 1425 4332 re

173 4357 245 4414 idem
266 4357 422 4426 disputavit
444 4357 481 4412 ad
502 4355 559 4412 cic.
581 4356 643 4411 rin.
668 4359 697 4422 5,
722 4359 772 4423 23,
797 4359 848 4414 68.

217 4439 242 4516 ²)
262 4445 328 4501 Vid.
350 4443 446 4499 Madv.
474 4460 593 4514 gramm.
620 4443 637 4510 1
660 4444 721 4499 428
745 4461 810 4500 nnn.
836 4445 865 4500 2.
909 4443 956 4501 err
981 4447 1117 4517 praeterea
1142 4446 1278 4518 Drangae,
1315 4445 1424 4502 ‹Ueber

174 4531 280 4603 Spniex
300 4531 359 4586 und
380 4529 435 4585 Stil
456 4529 503 4585 des
525 4529 669 4596 Tacibus»,
691 4531 766 4602 Lipe.
792 4531 885 4598 1868,
907 4549 973 4603 peg.
999 4533 1049 4589 12.

218 4612 242 4688 ³)
262 4617 309 4676 cn
329 4615 422 4672 Hand.
444 4634 466 4671 s.
492 4635 517 4672 r.
539 4633 606 4688 pag.
632 4617 681 4672 71.
