3450 5310
524 457 564 512 De
585 456 741 512 elocutione
762 457 796 512 A.
820 455 941 513 Cornelii
963 455 1045 513 Celsi.
1235 429 1237 434 Ι
1380 455 1416 512 lt

159 629 215 693 bns
246 630 275 693 si
305 651 366 714 qua
398 637 485 692 enent
516 627 624 705 arido,
648 649 706 716 per
726 627 921 714 scriptorium
942 627 1093 692 calamum
1112 623 1357 712 inspirabantur.
1379 627 1420 703 V,

160 732 202 795 28
225 729 435 894 ρΙξεΙιῗΙΙΞῗε
456 831 536 911 apud
558 830 678 894 Celsum
701 833 847 913 frequens.
880 830 955 892 Hor.
976 839 1036 894 sut.
1061 831 1087 905 1,
1110 830 1139 905 4,
1160 823 1201 893 72
1222 829 1278 892 hcc
1293 829 1418 892 verbnm

160 934 254 996 habet
275 951 342 996 cum
365 932 468 994 dativo
490 930 691 1010 conjunctum.
724 929 858 994 ACclso
881 931 1212 1012 absoluteusurpntur,
1234 929 1318 992 velut
1339 931 1419 1004 ΙΙ,2

160 1036 318 1118 sicorpm
340 1031 515 1095 dormientis
536 1031 617 1096 circa
633 1043 741 1118 partes
762 1029 882 1116 aliquae
903 1040 1007 1094 contra
1029 1031 1272 1097 consuetudinem
1287 1029 1418 1096 insudat.
1513 1071 1518 1080 ·

243 1131 398 1197 Intendi
418 1152 499 1213 saepe
521 1133 558 1194 de
580 1133 696 1210 dolore,
719 1135 801 1196 febre
824 1142 880 1196 cet.
904 1132 924 1195 i.
946 1153 970 1195 s.
992 1151 1020 1214 q.
1042 1133 1161 1216 nuperi,
1193 1131 1279 1194 velut
1299 1131 1356 1208 IV,
1380 1132 1419 1195 15

161 1237 201 1298 iu.
222 1233 364 1320 dolorque
384 1233 473 1296 modo
485 1231 613 1320 finitur,
629 1234 717 1297 modo
738 1234 912 1297 intenditur.
955 1234 1012 1310 IV,
1034 1231 1055 1298 6
1076 1254 1104 1316 p.
1129 1233 1203 1308 128,
1226 1231 1266 1294 35
1287 1241 1419 1317 tempore

160 1334 344 1409 antelucano,
365 1354 423 1419 quo
440 1333 597 1420 precipue
616 1334 719 1419 frique
739 1333 915 1398 intenditur.
948 1334 1038 1398 Hunc
1059 1353 1145 1398 usum
1166 1333 1282 1397 hubent
1296 1333 1371 1398 Sall.
1387 1341 1418 1398 et

160 1447 310 1519 argentsae
331 1435 433 1500 aetatis
454 1435 626 1517 scriptores.

242 1535 514 1600 Intremiccerc
546 1535 641 1624 (Plin.
663 1535 775 1622 mejor)
797 1537 874 1602 Cels.
890 1535 962 1598 VII
988 1555 1119 1618 prooem.
1141 1555 1170 1618 p.
1193 1534 1265 1611 263,
1286 1528 1418 1598 'lenanu

159 1647 299 1712 strenuo,
317 1634 419 1700 stabili
431 1657 486 1701 nec
498 1657 646 1722 umquam
659 1637 885 1702 intremiscente.
927 1635 953 1699 I
955 1645 1134 1702 ntremerc
1156 1635 1257 1723 (Virg.
1274 1633 1344 1720 Sil.)
1359 1637 1417 1712 ΙΙΙ,

159 1741 179 1801 3
201 1760 231 1822 p.
253 1733 304 1814 77,
325 1737 367 1801 24
387 1735 441 1800 ubi
460 1757 568 1822 corpus
590 1745 683 1800 totum
703 1737 855 1804 intremit.

245 1836 464 1922 Incipilare
486 1837 615 1925 (postue,
635 1837 718 1926 Col.)
740 1841 773 1916 Ι,
794 1842 814 1902 2
834 1840 887 1903 fin.
909 1847 972 1902 tum
988 1836 1149 1924 paulisper
1174 1835 1328 1924 iunipilat,
1361 1836 1416 1902 de-

160 1939 231 2003 inde
251 1937 322 2003 bene
343 1938 463 2002 dormit.

243 2037 482 2116 Invisibilis,
504 2059 592 2123 quem
616 2059 720 2104 vocem
742 2049 849 2124 praeter
870 2041 990 2106 Celsum
1013 2039 1093 2122 apud
1108 2039 1253 2103 Luctant.
1268 2039 1351 2102 Tert.
1366 2038 1415 2100 in-

161 2141 254 2204 veniri
276 2142 409 2204 efferunt
430 2141 540 2218 lexics,
564 2149 612 2204 est
632 2141 648 2204 I
669 2161 798 2223 prooem.
820 2133 850 2224 p'.
872 2143 902 2218 3,
925 2137 965 2205 27
985 2137 1152 2205 invisibilia
1164 2138 1335 2224 foramina.

242 2239 503 2306 Irrationolis
524 2241 612 2326 (Seu.
634 2239 758 2328 Quint.)
780 2244 861 2325 apud
883 2243 962 2306 Cels.
985 2253 1033 2306 est
1047 2242 1063 2304 I
1077 2261 1205 2322 prooem.
1221 2261 1250 2326 p.
1266 2236 1296 2318 7,
1314 2243 1346 2318 1,
1364 2239 1416 2302 ubi

159 2343 229 2405 olim
252 2335 396 2424 scriptum
420 2352 486 2406 erut
505 2341 742 2419 irrationabilis,
774 2363 840 2426 qnae
862 2346 958 2407 iormc
979 2343 1059 2426 apud
1081 2343 1201 2406 Celsum
1223 2362 1282 2405 non
1305 2349 1415 2404 exstat.

159 2441 363 2506 Rationabilis
383 2463 513 2526 quoque,
535 2445 613 2526 quod
635 2445 778 2525 scriptum
801 2453 867 2508 erat
887 2444 903 2507 I
924 2464 1057 2526 prooem.
1078 2463 1108 2526 p.
1130 2442 1160 2520 9,
1184 2443 1233 2520 ll,
1255 2462 1334 2506 nnnc
1350 2461 1417 2504 mu-

160 2553 260 2607 tatum
294 2555 341 2607 est
372 2545 403 2607 in
434 2545 558 2607 verbum
591 2543 760 2609 rationalis.
803 2545 857 2608 Cir
878 2565 943 2628 qnae
971 2547 1008 2609 de
1035 2545 1081 2608 his
1114 2543 1217 2608 formis
1249 2541 1418 2626 disputavit

158 2643 351 2726 Spaldingius
373 2647 412 2708 ad
435 2643 541 2715 Quint.
561 2645 633 2708 inst.
656 2665 698 2709 or.
720 2647 770 2731 Il,
795 2644 844 2722 16,
867 2645 914 2710 16.

241 2743 428 2822 Juoenta,
459 2766 520 2830 qun
551 2747 651 2810 formu
677 2755 772 2829 poetae
800 2755 926 2811 utuntur
955 2755 987 2810 et
1007 2747 1168 2828 scriptores
1188 2753 1260 2828 post
1280 2745 1416 2820 Livium,

160 2847 239 2928 apud
262 2845 383 2911 Celsum
406 2855 454 2911 est
475 2849 526 2924 11,
550 2849 564 2910 l
585 2832 619 2929 p.
641 2847 691 2923 28,
713 2849 751 2910 21
775 2855 808 2911 et
829 2849 933 2910 ecdem
956 2867 1024 2929 pag.
1047 2849 1066 2912 l.
1089 2846 1138 2910 25.
1171 2847 1217 2910 Ib.
1240 2867 1269 2928 p.
1291 2847 1343 2922 30,
1365 2847 1415 2910 21.

158 2944 325 3023 Jncentus,
352 2967 441 3030 quem
469 2947 574 3013 Cicero
602 2949 693 3012 habet
719 2949 845 3012 formem
871 2947 960 3031 hujus
982 2949 1082 3025 verbi,
1104 2948 1186 3030 apud
1207 2947 1327 3012 Celsum
1355 2965 1415 3010 non

159 3047 319 3110 invenitur.

243 3144 426 3224 Lassora,
448 3149 525 3231 quod
547 3151 669 3214 verbnm
691 3151 772 3231 apud
794 3159 899 3232 postus
913 3157 960 3212 est
974 3157 1005 3212 et
1018 3149 1190 3232 posterioris
1204 3148 1305 3212 celatis
1318 3145 1416 3230 serip-

160 3256 260 3324 tores‚
283 3247 388 3313 Celsus
409 3249 503 3312 habet
523 3235 582 3313 nno
604 3251 684 3327 loeo,
705 3251 735 3328 1,
758 3253 778 3314 3
799 3271 828 3334 p.
851 3247 900 3327 17,
923 3249 967 3314 152
983 3247 1136 3314 insolitum
1163 3247 1285 3334 (onmia)
1311 3257 1415 3313 contra

159 3347 261 3412 lassat.

242 3448 374 3516 Livor
394 3471 447 3533 pro
468 3448 605 3529 lenitate,
637 3473 703 3536 quae
733 3454 830 3516 forme
857 3461 890 3516 et
917 3451 1070 3518 Ciceronis
1103 3459 1207 3516 estet
1234 3451 1315 3534 apud
1345 3449 1416 3516 Cel·

159 3571 225 3616 sum
247 3551 398 3628 usitatior,
420 3553 436 3615 1
457 3573 588 3634 procem.
610 3573 640 3636 p.
662 3554 692 3629 5,
714 3555 744 3618 3.
766 3555 813 3618 Ib.
836 3573 865 3636 p.
887 3548 918 3640 7,
940 3555 990 3618 21.

243 3649 444 3718 Liberalis
464 3675 518 3737 pro
540 3653 673 3742 copioso,
694 3652 902 3720 liberaliter
922 3675 976 3738 pro
987 3655 1103 3739 copiose
1114 3653 1222 3718 dicitur
1232 3653 1309 3718 satis
1323 3671 1412 3736 supe,

160 3752 244 3816 velut
274 3751 407 3819 libralis
433 3754 534 3840 potio,
566 3755 651 3820 cibem
678 3763 736 3819 cet.
781 3756 884 3820 Etiam
905 3757 942 3820 de
962 3764 1098 3838 tempore
1119 3755 1301 3834 adjectivum
1323 3753 1413 3818 adhi-

160 3853 247 3917 betur
268 3845 446 3941 pro'lonpo:
466 3857 530 3933 111,
552 3857 572 3920 3
593 3858 644 3921 lin.
681 3856 829 3942 Tempora
850 3877 965 3942 qnoque
985 3856 1196 3922 remissionum
1223 3855 1312 3920 modo
1338 3851 1413 3918 libe-

157 3951 241 4016 ralia
261 3953 350 4018 modo
370 3953 456 4019 nuda
476 3967 555 4020 suut.
588 3959 654 4034 111,
675 3958 713 4019 21
737 3977 765 4039 p.
791 3957 860 4032 109,
884 3957 923 4022 18
938 3958 1064 4044 juvenes
1084 3955 1213 4033 robusti,
1235 3953 1355 4042 quinci
1375 3973 1414 4018 eo

158 4063 217 4118 toto
249 4065 352 4120 carent
375 4054 467 4146 febre
491 4056 536 4122 rel
566 4067 643 4122 certe
673 4057 747 4121 sutis
778 4055 915 4130 lherales
946 4059 1180 4123 intermissiones
1200 4055 1316 4120 labent.
1359 4055 1414 4120 ci-

160 4175 229 4250 cero
251 4176 368 4240 quoque
389 4157 468 4222 hanc
489 4177 592 4222 vocem
614 4159 767 4223 translate
787 4159 1005 4240 significatione
1020 4161 1057 4226 de
1070 4161 1160 4222 rebus
1173 4165 1299 4241 usurpat
1312 4157 1412 4220 Flacc.

160 4253 191 4331 6,
215 4257 269 4334 Ι4;
302 4277 396 4340 neque
429 4278 499 4322 vero
520 4259 613 4324 ullum
634 4259 723 4343 hujus
743 4261 953 4325 translationis
973 4261 1142 4344 exemplum
1163 4259 1295 4323 aliernnt
1316 4257 1414 4320 lenies

160 4363 270 4438 praeter
290 4357 442 4424 Ciceronis
463 4369 495 4424 et
516 4359 606 4426 Celsi.

244 4455 288 4520 M
288 4459 466 4526 nitescere
487 4458 602 4546 (poetes
624 4471 656 4526 et
676 4461 856 4545 posteriores
878 4458 1054 4549 scriptores)
1075 4463 1117 4538 ΙΙ,
1140 4461 1179 4524 12
1201 4481 1231 4544 p.
1253 4451 1305 4535 57,
1319 4455 1361 4520 23
1381 4463 1415 4518 ut

160 4558 330 4643 superiores
350 4559 413 4646 ejus
430 4572 536 4650 partes
556 4565 739 4629 madescant.
762 4565 826 4641 111,
848 4561 869 4627 6
886 4583 915 4646 p.
937 4561 990 4640 86,
1010 4565 1061 4628 24.

244 4657 682 4746 Mapistcrinmtrcnslnts
701 4665 918 4748 significatione
938 4683 993 4748 pro
1013 4673 1093 4742 arte,
1114 4661 1232 4728 ratione
1252 4667 1415 4743 usurpatur
