3450 5310
524 394 564 454 De
586 396 743 456 elocutione
765 397 799 454 A.
822 393 943 454 Cornelii
964 391 1045 452 Celsi.
1380 393 1418 451 13

247 565 363 656 Coepi
394 572 542 636 infinitivo
575 591 633 636 non
662 573 765 636 addito
791 589 871 652 scope
891 577 1063 652 usurpetur,
1096 575 1131 632 ut
1151 569 1233 650 spud
1247 567 1329 634 =Sstl
1352 569 1419 632 Liv.

164 671 362 752 posteriores,
383 673 466 736 velut
479 671 595 758 febris,
621 671 708 736 dolor
729 681 785 736 cet.
806 671 914 756 coepit,
940 670 1015 736 citio
1035 679 1193 753 coeperunt
1214 679 1271 732 eet.
1315 669 1421 751 Neque

164 772 269 835 Celsus
302 773 359 836 nisi
392 775 494 837 active
526 776 621 836 forms
653 775 743 854 hujus
770 773 854 836 verbi
875 773 984 846 utitur,
1015 772 1106 834 etiem
1133 771 1184 832 ubi
1206 770 1233 832 ei
1255 771 1421 834 infinitivus

164 873 295 953 pessivae
327 875 430 937 formae
453 883 484 936 et
504 875 728 955 significationis
751 873 932 954 adjungitur.
976 873 1142 954 Iprooem.
1165 891 1194 952 p.
1217 873 1246 945 2,
1268 871 1287 932 5
1308 870 1423 954 epitasi
1536 863 1540 870 ’

164 972 267 1056 coepit.
288 974 335 1036 Ib.
358 995 387 1054 p.
412 977 451 1038 12
471 975 511 1038 in.
530 977 633 1058 premi
652 975 790 1059 coepisse.
812 975 870 1049 IV,
892 975 929 1036 31
953 973 994 1036 in.
1016 971 1123 1036 sentiri
1142 981 1313 1056 coeperunt.
1345 973 1420 1048 VII,

164 1072 222 1147 26,
244 1077 264 1134 2
286 1095 314 1154 p.
336 1074 397 1138 309
418 1076 467 1138 fin.
490 1075 603 1138 adduci
623 1076 759 1161 coeperit.
802 1076 861 1138 Hic
883 1095 955 1138 usus
977 1075 1057 1155 spud
1079 1081 1184 1154 poetes
1206 1082 1341 1148 veteres,
1367 1073 1421 1136 Oi·-

165 1193 315 1250 cerenem,
336 1175 485 1238 Gaeserem
508 1195 654 1259 nusquam
677 1176 842 1252 invenitur,
866 1173 885 1237 e'
905 1175 1119 1257 posterioribus
1137 1175 1201 1254 jem
1216 1173 1285 1236 inde
1301 1173 1421 1234 sLivio

166 1276 347 1356 frequentari
369 1286 492 1357 coeptus
519 1288 574 1340 est.
617 1279 661 1340 Et
688 1278 812 1340 Tacitus
835 1277 953 1358 quidem
976 1295 1095 1355 semper
1116 1275 1161 1336 ite
1182 1275 1298 1336 locutus
1320 1283 1368 1336 est
1380 1273 1421 1358 ¹).

246 1372 537 1457 Copncminnre,
569 1387 718 1458 urgentem
741 1377 841 1440 estatis
863 1397 934 1452 vox,
967 1377 1046 1458 opud
1073 1375 1178 1438 Celsus
1201 1383 1247 1436 est
1270 1375 1421 1437 nonnullis

163 1475 253 1551 locis,
276 1477 357 1538 velut
377 1478 409 1540 V
430 1497 562 1558 prooem.
583 1477 764 1563 Apollonius
786 1478 841 1562 qni
866 1474 940 1562 Mys
967 1475 1193 1561 copnominetus
1222 1485 1272 1538 cst.
1317 1475 1421 1539 Cicero

165 1575 255 1638 cerba
276 1577 488 1662 eopnomineto
510 1579 599 1653 dicit,
620 1589 656 1641 ut
677 1579 769 1642 latine
791 1588 891 1641 vertet
912 1597 1039 1658 graecmn
1061 1575 1258 1658 συνώνυμον.

248 1673 571 1760 Comprehendere
593 1681 697 1742 codem
720 1681 808 1742 modo
823 1689 921 1761 etque
942 1677 1097 1763 concipere
1119 1679 1155 1740 de
1178 1679 1298 1741 muliere
1312 1676 1422 1739 dicitur

166 1779 213 1852 V,
235 1778 292 1852 21,
314 1773 344 1842 7.
367 1779 466 1858 Hujus
487 1781 529 1842 rei
550 1781 664 1844 nullum
687 1791 796 1861 preter
817 1781 873 1844 hoc
895 1779 1063 1860 exemplum
1086 1781 1219 1842 efferunt
1239 1779 1347 1840 lexico.
1428 1829 1430 1836 .

248 1875 452 1963 Concipere
474 1900 532 1943 non
556 1883 702 1963 oppositis
724 1882 847 1944 vocibus
869 1879 967 1944 animi
988 1881 1036 1942 vel
1057 1878 1233 1956 mentin‘id
1247 1880 1326 1962 quod
1341 1879 1422 1960 opud

166 1987 280 2042 veteres
307 1981 412 2060 script.
434 1981 497 2044 fieri
518 1983 608 2056 solet,
639 1984 659 2046 i.
683 1985 742 2045 fero
764 2003 788 2045 s.
812 2002 840 2064 q.
858 1991 980 2066 putore.
1023 1983 1037 2044 Ι
1058 2000 1188 2062 prooem.
1210 1982 1260 2042 fir..
1289 1976 1334 2044 Ob
1356 2001 1422 2062 quse

164 2079 315 2163 concipio,
336 2100 416 2156 enm,
438 2083 492 2166 poi
510 2083 639 2166 propriu
661 2103 722 2147 non
743 2083 839 2156 nouit,
860 2081 1032 2146 communic
1051 2091 1168 2144 tentum
1182 2080 1294 2144 irstneri
1308 2078 1422 2142 debere.

163 2180 227 2253 111,
249 2179 271 2242 4
291 2201 320 2261 p.
343 2175 393 2254 79,
418 2183 433 2244 Ι
458 2185 512 2266 poi
527 2204 587 2267 per
607 2185 709 2248 omnic
726 2183 897 2269 jucundam
919 2182 984 2268 ejus
1006 2181 1201 2266 disciplinam
1228 2201 1290 2246 esse
1321 2181 1423 2243 conci-

159 2279 261 2364 piunt.
283 2283 349 2346 Vll
366 2301 496 2362 prooem.
518 2286 569 2346 fin.
592 2283 662 2368 Epo
684 2285 809 2348 eundnn
831 2284 952 2368 quidem
972 2282 1121 2346 hominem
1138 2303 1227 2366 posse
1244 2281 1350 2345 'omnia
1364 2281 1423 2344 istc

159 2390 308 2463 prestere
328 2381 472 2467 concipio.
494 2385 559 2460 Ill,
580 2383 601 2448 6
623 2405 651 2466 p.
674 2383 726 2460 36,
752 2387 797 2448 14.
841 2385 900 2458 IV,
925 2385 937 2445 l
963 2405 991 2465 p.
1016 2386 1085 2457 122,
1107 2386 1155 2447 20.

248 2477 444 2562 Conferre,
467 2495 502 2548 ut
522 2487 602 2566 epod
626 2495 775 2566 urgentem
796 2487 896 2548 eteris
918 2486 1022 2566 script.
1045 2487 1095 2560 fit,
1123 2486 1142 2547 i.
1165 2505 1188 2548 s.
1212 2505 1241 2567 q.
1259 2483 1421 2570 prodesse,

164 2580 223 2644 cim
246 2581 369 2660 holme,
391 2596 424 2647 et
445 2587 583 2650 absolute
605 2587 734 2668 positum
758 2597 789 2648 et
810 2593 952 2668 sequente
974 2586 1024 2649 ed.

246 2681 450 2750 Consedere
472 2707 537 2750 cum
561 2688 705 2750 adverbio
723 2688 913 2768 conjunctum
936 2687 968 2759 Ι,
990 2689 1010 2749 3
1032 2706 1060 2769 p.
1086 2685 1133 2761 19,
1155 2687 1211 2749 33:
1234 2683 1423 2750 meliusccn·

162 2781 249 2860 solet,
271 2785 298 2846 si
320 2785 412 2850 biduo
434 2787 626 2852 continuerit.
669 2789 778 2852 Krebs.
802 2809 827 2850 s.
850 2807 878 2850 v.
901 2796 990 2866 negat
1022 2788 1196 2852 Ciceronem
1230 2787 1299 2850 huic
1331 2787 1422 2850 verbo

164 2885 339 2949 adverbium
361 2904 529 2969 opponere3
551 2891 609 2952 vid.
631 2899 731 2952 temrm
754 2889 822 2952 Att.
845 2883 875 2964 7,
901 2889 948 2962 13,
971 2889 998 2950 3.

247 2981 533 3064 Consummctc'o,
556 3009 616 3052 vox
638 3000 786 3072 urgenteae
807 2997 873 3064 set,
895 3008 954 3052 uno
977 2989 1041 3052 loco
1063 2989 1094 3064 Ι,
1116 2990 1136 3052 3
1158 2989 1207 3050 fin.
1230 3009 1422 3052 consumma-

164 3085 205 3148 tio
226 3086 361 3149 omnium
381 3099 472 3153 nocet.
1018 3097 1022 3115 ⁴

248 3182 547 3272 Contemplntrin
568 3203 680 3272 praetcr
701 3191 823 3254 Celsum
846 3191 926 3272 opud
948 3191 1131 3272 Appulejum
1158 3200 1212 3254 est.
1255 3193 1271 3254 I
1293 3209 1422 3272 prooem.

163 3305 192 3366 p.
217 3286 265 3360 lo,
287 3282 306 3348 7
328 3308 506 3374 eorumque,
539 3311 605 3376 pure
636 3291 669 3353 in
700 3290 813 3354 morbis
840 3291 1122 3367 communissent,
1154 3290 1423 3376 contemplatricem

164 3386 376 3470 (medicinam)¹
396 3411 458 3456 esse
478 3392 666 3456 contendunt.

247 3484 473 3576 Continnscre
500 3493 745 3556 intransitivum
768 3513 821 3576 pro
843 3513 877 3556 eo
898 3495 977 3576 quod
1000 3501 1048 3556 est
1068 3513 1190 3558 manne
1210 3493 1292 3558 solus
1317 3493 1422 3558 Celsus

164 3588 284 3651 videtur
297 3610 371 3654 usur
385 3613 466 3674 pere.
509 3595 557 3670 ΙΙ,
581 3595 596 3656 l
620 3615 650 3676 p.
672 3597 722 3670 30,
743 3594 763 3658 ὅ
786 3593 829 3658 Ac
849 3595 877 3658 si
898 3617 916 3658 a
933 3595 1040 3680 primu
1061 3592 1155 3656 hieme
1176 3594 1274 3657 austri
1294 3595 1336 3657 nd
1350 3593 1422 3656 nlti-

163 3709 247 3752 mnm
260 3709 311 3752 cer
324 3694 549 3758 continuerunt.
581 3697 628 3770 ΙΙ,
649 3696 670 3758 4
691 3716 719 3777 p.
736 3697 790 3772 34,
812 3697 853 3760 25
868 3695 1041 3760 Pessimum
1056 3703 1112 3770 est,
1128 3693 1156 3756 si
1169 3716 1206 3758 ne
1220 3693 1335 3758 leuetur
1352 3695 1422 3780 qni·

163 3789 231 3852 dem
236 3786 348 3872 febris,
370 3795 422 3856 sed
453 3817 536 3880 eque
568 3796 714 3860 concitatu
741 3798 901 3861 continuet.
937 3797 983 3860 Ib.
1006 3817 1036 3876 p.
1059 3796 1108 3870 34,
1133 3797 1145 3857 l
1166 3795 1330 3880 pejusque,
1363 3817 1421 3881 qno

162 3889 261 3974 mapis
281 3911 371 3976 sopor
391 3894 524 3960 interdiu
545 3906 690 3981 nodoque
710 3897 873 3962 continuet.
895 3897 942 3960 Ib.
958 3916 987 3978 p.
1002 3896 1054 3971 34,
1068 3898 1109 3958 23
1124 3917 1224 3980 qncecc
1238 3895 1364 3978 (febres)
1379 3896 1423 3960 sic

161 3992 343 4067 continuent,
365 4004 398 4056 nt
414 4017 473 4080 per
493 3997 675 4062 accessiones
696 3999 878 4074 increscent,
896 4019 956 4084 per
982 3997 1164 4061 decessiones
1185 4006 1301 4059 tantum
1321 3995 1422 4061 molli·

162 4101 264 4154 entur.
308 4095 372 4170 ΙΙΙ,
392 4098 457 4178 3ρ.
473 4092 523 4173 77,
536 4095 577 4160 27
592 4119 627 4162 nc
647 4119 726 4182 scope
747 4098 815 4162 din
835 4099 888 4160 circ
909 4099 1075 4184 quidquam
1097 4107 1149 4160 ent
1170 4095 1247 4160 nihil
1266 4099 1423 4161 remittunt

162 4193 215 4254 sed
239 4195 433 4274 ceminnant,
455 4199 505 4260 ubi
528 4208 631 4262 temen
653 4201 798 4264 Deremb.
821 4200 880 4262 duo
901 4208 1054 4282 postrema
1075 4200 1169 4262 verbe
1191 4199 1333 4262 excludit.

235 4291 515 4364 Convnlnernre
527 4309 634 4382 preses
645 4301 767 4364 Celsum
778 4301 892 4364 hebent
904 4303 965 4364 fere
977 4307 1123 4380 argenteo
1135 4300 1235 4363 estatis
1249 4301 1420 4382 scriptores.

162 4439 360 4454 m

212 4509 232 4583 ¹)
254 4515 378 4658 Ἔνον,
415 4516 605 4576 ‹Historisehe
626 4517 736 4592 Syntex
757 4519 806 4576 der
829 4520 1013 4578 lateinisches
1035 4519 1190 4590 Spreche»‚
1224 4519 1300 4594 Lips.
1326 4520 1418 4577 1872.

163 4617 230 4674 1³²8·
339 4620 400 4675 ⁸72·
