3450 5310
553 407 594 462 De
615 409 770 466 elocutione
790 407 824 464 Δ.
847 404 968 462 Cornelii
988 403 1068 461 Geloi.
1422 403 1437 456 'l

192 580 257 646 cide
277 579 474 662 proponendi,
506 577 671 643 enuntiatis
697 587 769 658 apte
792 585 823 640 et
842 576 1003 641 artificiose
1023 575 1233 640 connectendis
1255 595 1315 638 non
1336 575 1443 638 admo·

191 683 262 746 dum
294 681 430 744 inservit.
473 680 587 744 Contra
619 698 697 760 sape
730 677 780 740 ubi
812 678 898 742 laoile
931 687 997 741 erat
1028 695 1184 740 numeroso
1210 677 1326 740 ambitu
1348 678 1442 740 verba

192 781 386 855 concludere,
408 781 574 846 sententias
595 779 803 844 adnumeravit
823 780 923 860 potius
946 789 976 841 et
997 778 1152 859 particulis
1173 777 1363 859 copulativis,
1385 777 1442 840 ad·

191 882 366 957 venetius,
387 881 565 946 conclusivis
586 880 726 962 adjunxit
748 915 788 926 -
809 879 1065 961 frequentissimus
1087 887 1187 944 autem
1209 887 1257 941 est
1277 898 1349 942 usus
1370 897 1442 959 par-

190 983 350 1047 ticulamm
371 982 453 1058 ideo,
475 981 599 1067 ideoque
619 1017 676 1056 -·-,
698 1000 788 1062 qoam
810 980 855 1044 ita
876 981 1009 1062 collegit,
1041 991 1076 1043 ut
1096 981 1190 1044 altera
1210 979 1367 1060 primaria,
1396 980 1443 1042 el·

192 1094 259 1148 tera
290 1082 470 1148 secundaria
501 1092 590 1146 esset.
639 1081 823 1162 Simpliciter
854 1081 955 1162 igitur,
986 1090 1139 1158 accurate,
1171 1081 1322 1144 subtiliter
1343 1080 1444 1144 omnia

192 1184 331 1266 exponit,
363 1183 605 1266 perspicuitatem
638 1183 767 1246 maxime
788 1190 930 1257 sectatur,
952 1202 1068 1264 semper
1089 1182 1135 1246 ita
1156 1181 1242 1256 dicit,
1264 1189 1299 1244 ut
1320 1201 1378 1244 uon
1402 1181 1442 1244 ab

191 1286 229 1350 iis
248 1285 359 1360 solum,
380 1285 432 1366 qui
452 1285 527 1348 artis
548 1285 637 1366 periti
658 1291 745 1358 suut,
767 1283 821 1346 sed
841 1285 880 1346 ab
902 1283 1039 1346 omnibus
1061 1283 1156 1365 possit
1177 1282 1308 1364 intelligi.
1340 1283 1443 1364 Atque

191 1387 230 1450 ad
250 1405 297 1450 res
318 1385 447 1450 dilucide
468 1387 664 1468 explicandas
686 1385 812 1448 multum
832 1384 906 1448 illud
920 1385 1024 1458 allent,
1045 1386 1122 1466 qnod
1136 1383 1201 1447 dixi
1216 1403 1282 1446 eum
1297 1385 1335 1446 nd
1351 1401 1442 1447 unam

190 1495 222 1550 et
253 1493 366 1550 certam
400 1487 546 1550 rationem
577 1486 679 1550 omuia
711 1503 875 1548 revocasse.
924 1485 1161 1548 Aeourntissima
1182 1484 1275 1564 igitur
1296 1494 1343 1548 est
1363 1483 1443 1566 epud

190 1605 378 1650 cumrerum
399 1586 565 1668 dispositio,
587 1605 762 1668 semperque
785 1587 874 1666 plane
894 1585 1024 1662 indicat,
1045 1587 1082 1648 de
1103 1587 1209 1668 quibus
1231 1585 1321 1648 rebus
1343 1585 1443 1648 dictu-

190 1707 242 1752 rus
263 1687 321 1763 sit,
352 1688 398 1750 ita
418 1696 454 1750 nt
474 1688 584 1770 legenti
606 1688 692 1752 facile
713 1687 755 1750 sit
774 1687 925 1760 invenire,
957 1706 1014 1769 quo
1036 1707 1115 1750 nexu
1137 1707 1204 1751 curu
1227 1685 1332 1750 ceteris
1354 1686 1443 1750 rebus

191 1787 405 1851 contineantur
425 1808 476 1864 aa,
508 1808 574 1871 quse
594 1805 768 1870 unoquoque
790 1787 854 1850 loco
877 1789 1015 1870 exposita
1036 1796 1122 1864 sunt,
1154 1787 1277 1869 etquid
1299 1786 1443 1850 momenti

191 1887 328 1952 babeant
347 1889 387 1954 ad
407 1889 500 1952 totius
522 1890 677 1953 medicinae
698 1888 845 1950 rationem
867 1889 1083 1970 explicandam.

274 1988 375 2060 Quum
396 1997 498 2054 antem
520 1990 627 2054 Celsus
648 2008 839 2072 quacumque
860 1990 900 2052 ad
922 1989 1100 2052 medicinam
1128 1989 1314 2070 pertinerent
1341 2007 1444 2068 perse-

191 2089 241 2170 qui
261 2091 353 2154 vellet
374 2091 543 2173 omniaque,
575 2111 640 2173 quae
660 2090 1008 2171 salutariauocepisset,
1040 2090 1286 2172 comprehendere
1300 2088 1348 2174 ¹),
1380 2089 1443 2152 lieri

190 2209 249 2254 nou
272 2191 383 2272 potuit,
405 2191 475 2273 quin
497 2191 646 2256 interdum
668 2191 699 2254 in
722 2191 833 2254 talibus
854 2191 942 2254 rebus
964 2199 1141 2267 versaretur,
1163 2210 1228 2272 quae
1246 2190 1359 2254 nullom
1374 2210 1444 2254 ora·
1470 2227 1473 2236 ι

189 2291 282 2356 tionis
303 2292 481 2356 varietatem
503 2303 556 2356 aut
575 2293 794 2372 jucunditatem
817 2292 1023 2369 admitterent3
1055 2292 1138 2356 velut
1158 2293 1210 2355 ubi
1232 2292 1344 2367 morbi,
1376 2293 1444 2354 vul·-

190 2411 279 2467 nera,
310 2393 481 2456 curationes
513 2405 653 2458 accurate
685 2401 786 2456 essent
818 2392 1032 2468 describenda,
1063 2394 1114 2457 nbi
1135 2393 1166 2456 in
1189 2393 1265 2455 libro
1286 2394 1389 2474 quinto
1412 2401 1445 2456 et

190 2499 279 2556 sexto
310 2493 594 2558 medicamentorum
626 2513 737 2576 genera
758 2502 788 2557 et
809 2494 889 2558 vires
910 2502 1068 2558 tractaret.
1111 2494 1238 2558 Talibus
1259 2494 1350 2574 igitur
1370 2493 1444 2556 louis

188 2593 233 2669 si,
265 2593 352 2658 rebus
384 2594 457 2677 ipsis
489 2597 679 2676 cogentibus,
707 2595 811 2676 jejuna
837 2603 868 2658 ct
890 2596 974 2658 arida
994 2596 1080 2658 lieret
1101 2595 1199 2658 oratio
1221 2613 1340 2658 ucoesse
1363 2602 1445 2669 erat,

190 2703 295 2758 contra
316 2695 368 2759 ubi
389 2697 420 2758 iu
444 2697 531 2760 nudis
553 2697 712 2778 praeoeptis
732 2695 886 2761 tradendis
908 2715 967 2758 uon
990 2705 1136 2771 versatur,
1159 2695 1213 2758 sed
1235 2704 1288 2758 aut
1309 2697 1346 2758 de
1369 2713 1444 2758 eou·
1557 2722 1559 2726 ’

189 2795 301 2860 ditione
322 2797 397 2860 artis
419 2799 566 2862 universae
588 2797 720 2880 loquitur
741 2806 795 2860 aut
816 2797 971 2860 historiam
993 2798 1056 2878 ejus
1077 2799 1171 2862 tradit
1194 2805 1247 2859 aut
1265 2796 1364 2860 cilicia
1389 2815 1445 2858 ex·

189 2896 275 2978 ponit
306 2917 424 2973 eorum,
457 2899 507 2980 qui
532 2919 598 2962 eam
621 2900 813 2980 profitentur,
846 2897 951 2960 relicto
972 2899 1055 2962 tenui
1076 2899 1128 2960 illo
1150 2917 1257 2979 genere
1279 2897 1443 2962 orationem

191 2998 354 3077 assumpsit
384 2999 477 3078 magis
509 2999 660 3082 copiosam
694 3009 725 3064 et
756 3019 821 3082 qnae
852 3017 971 3061 summe
1003 2999 1154 3062 suavitate
1182 3007 1213 3060 et
1240 2997 1444 3080 equabilitate

190 3095 275 3159 iluat
318 3097 410 3178 Cujus
431 3099 475 3162 rei
495 3101 662 3181 exemplum
684 3100 950 3164 luculentissimum
974 3108 1020 3162 est
1041 3100 1224 3180 prooemium
1247 3099 1314 3161 libri
1339 3097 1444 3180 primi,

190 3215 249 3278 quo
272 3197 353 3262 haud
373 3199 435 3262 scio
456 3219 496 3262 an
518 3201 592 3262 nihil
614 3221 753 3282 umquam
774 3201 834 3264 dici
858 3201 954 3281 possit
980 3201 1152 3281 elegantius.
1196 3199 1299 3282 Atque
1323 3199 1444 3262 omniuo

190 3297 392 3362 confitendum
415 3310 474 3375 est,
507 3319 674 3364 sermonem
697 3301 761 3381 ejus
784 3319 926 3382 magnam
949 3301 1128 3381 elegantiam
1151 3321 1215 3364 esse
1238 3309 1445 3374 consecutum,

189 3397 217 3460 si
238 3399 357 3481 quidem
380 3399 531 3480 eleganter
552 3401 664 3465 dietum
686 3411 746 3476 est,
767 3403 844 3484 quod
866 3411 949 3484 apte,
972 3403 1111 3476 breviter,
1134 3401 1271 3466 dilucide.

273 3497 348 3570 ouae
380 3520 470 3582 quum
501 3501 546 3564 ita
577 3503 655 3576 sint,
677 3503 814 3584 equidem
837 3521 895 3565 nou
919 3503 1065 3584 intelligo,
1087 3503 1192 3584 quibus
1214 3502 1313 3566 causis
1335 3501 1443 3566 ductus

190 3599 338 3664 Kisselius
351 3599 381 3685 ²)
413 3602 443 3664 iu
477 3602 560 3666 libris
593 3603 675 3666 Celsi
701 3603 880 3666 rhetoricum
902 3605 1047 3686 quendam
1071 3604 1197 3668 colorem
1220 3603 1444 3684 deprehendere

189 3699 247 3764 sibi
268 3701 352 3768 visus
372 3702 423 3766 sit.
471 3705 567 3767 Immo
595 3725 614 3767 a
640 3705 784 3768 luminum
817 3714 848 3768 et
880 3713 1122 3768 ornamentorum
1155 3705 1392 3779 consectatione,
1410 3723 1445 3768 ,ιι

190 3800 291 3864 studio
313 3802 402 3866 nimis
422 3803 584 3868 elaborata
605 3805 830 3880 concinnitatis,
862 3807 901 3868 ab
923 3807 1003 3868 omni
1026 3806 1207 3887 argutiarum
1230 3805 1357 3886 aucupio
1379 3813 1442 3868 tam

189 3901 267 3966 liber
288 3913 352 3979 est,
373 3911 408 3968 ut
428 3925 590 3987 numquam
612 3916 666 3970 ant
686 3906 754 3970 aliis
776 3907 875 3970 verbis
897 3916 952 3970 aut
972 3907 1106 3988 pluribus
1127 3925 1198 3970 neus
1214 3926 1279 3970 esse
1293 3906 1443 3983 videatur,

189 4021 279 4084 quam
312 4003 420 4086 quibus
441 4023 516 4086 opus
537 4015 606 4070 erat
625 4009 664 4070 ad
686 4027 734 4071 res
756 4007 883 4070 dilucide
906 4008 1109 4088 explicandas.
1153 4009 1324 4088 Numquam
1352 4007 1444 4070 verba

188 4103 333 4167 audacius
354 4107 513 4180 transfert,
535 4126 695 4190 numquam
716 4107 832 4172 andum
854 4109 1004 4191 voluptati
1025 4109 1115 4172 nimis
1136 4109 1239 4172 studet
1261 4127 1356 4189 neque
1371 4127 1444 4169 sen·

190 4205 353 4270 tertiarum
375 4216 407 4270 et
428 4206 559 4271 locorum
581 4209 781 4272 communium
804 4211 937 4273 ubertati
958 4210 1101 4286 inservit,
1123 4211 1175 4274 sed
1197 4227 1318 4292 prorsus
1342 4227 1444 4270 carere

190 4303 309 4370 videtur
340 4306 422 4370 vitiis
454 4307 533 4384 illis,
565 4329 631 4392 quse
662 4319 696 4373 ut
718 4311 805 4392 vulgo
826 4313 919 4376 totius
942 4320 1091 4392 argenteae
1113 4311 1212 4374 aetotis
1234 4310 1355 4392 propria
1377 4327 1442 4371 esse
