<?xml version="1.0" encoding="UTF-8"?>
<!DOCTYPE html PUBLIC "-//W3C//DTD XHTML 1.0 Transitional//EN"
    "http://www.w3.org/TR/xhtml1/DTD/xhtml1-transitional.dtd">
<html xmlns="http://www.w3.org/1999/xhtml" xml:lang="en" lang="en">
 <head>
  <title>
</title>
<meta http-equiv="Content-Type" content="text/html;charset=utf-8" />
  <meta name='ocr-system' content='tesseract 3.04.00' />
  <meta name='ocr-capabilities' content='ocr_page ocr_carea ocr_par ocr_line ocrx_word'/>
</head>
<body>
  <div class='ocr_page' id='page_1' title='image "./deelocutioneaco00brolgoog_0049.png"; bbox 0 0 3450 5310; ppageno 0'>
   <div class='ocr_carea' id='block_1_1' title="bbox 298 352 1026 412">
    <p class='ocr_par' dir='ltr' id='par_1_1' title="bbox 298 352 1026 412">
     <span class='ocr_line' id='line_1_1' title="bbox 298 352 1026 412; baseline -0.003 0"><span class='ocrx_word' id='word_1_1' title='bbox 298 356 337 412; x_wconf 76' lang='grc'><strong>48</strong></span> <span class='ocrx_word' id='word_1_2' title='bbox 819 352 849 410; x_wconf 86' lang='lat' dir='ltr'><strong>C.</strong></span> <span class='ocrx_word' id='word_1_3' title='bbox 865 355 899 410; x_wconf 77' lang='lat' dir='ltr'><strong>t.</strong></span> <span class='ocrx_word' id='word_1_4' title='bbox 914 354 1026 412; x_wconf 82' lang='lat' dir='ltr'><strong>Broltiu.</strong></span> 
     </span>
    </p>
   </div>
   <div class='ocr_carea' id='block_1_2' title="bbox 249 521 1559 4036">
    <p class='ocr_par' dir='ltr' id='par_1_2' title="bbox 290 521 1553 812">
     <span class='ocr_line' id='line_1_2' title="bbox 296 521 1551 611; baseline -0.005 -19"><span class='ocrx_word' id='word_1_5' title='bbox 296 523 451 592; x_wconf 79' lang='lat' dir='ltr'><strong>oculorum</strong></span> <span class='ocrx_word' id='word_1_6' title='bbox 471 532 608 611; x_wconf 76' lang='lat' dir='ltr'><strong>nppeem</strong></span> <span class='ocrx_word' id='word_1_7' title='bbox 633 525 681 599; x_wconf 87' lang='lat'><strong>11,</strong></span> <span class='ocrx_word' id='word_1_8' title='bbox 701 524 722 590; x_wconf 86' lang='lat' dir='ltr'><strong>b</strong></span> <span class='ocrx_word' id='word_1_9' title='bbox 742 543 775 608; x_wconf 93' lang='lat' dir='ltr'><strong>p.</strong></span> <span class='ocrx_word' id='word_1_10' title='bbox 796 523 838 588; x_wconf 88' lang='grc'><strong>36</strong></span> <span class='ocrx_word' id='word_1_11' title='bbox 857 525 909 588; x_wconf 87' lang='lat' dir='ltr'><strong>tiu.</strong></span> <span class='ocrx_word' id='word_1_12' title='bbox 950 521 1084 590; x_wconf 77' lang='lat' dir='ltr'><strong>Dolores</strong></span> <span class='ocrx_word' id='word_1_13' title='bbox 1108 524 1200 590; x_wconf 74' lang='lat' dir='ltr'><strong>diam</strong></span> <span class='ocrx_word' id='word_1_14' title='bbox 1223 523 1305 588; x_wconf 84' lang='lat' dir='ltr'><strong>circa</strong></span> <span class='ocrx_word' id='word_1_15' title='bbox 1331 544 1423 590; x_wconf 80' lang='lat' dir='ltr'><strong>cosas</strong></span> <span class='ocrx_word' id='word_1_16' title='bbox 1446 533 1473 588; x_wconf 89' lang='lat' dir='ltr'><strong>et</strong></span> <span class='ocrx_word' id='word_1_17' title='bbox 1499 525 1551 588; x_wconf 86' lang='lat' dir='ltr'><strong>iu·</strong></span> 
     </span>
     <span class='ocr_line' id='line_1_3' title="bbox 290 623 1553 712; baseline -0.003 -20"><span class='ocrx_word' id='word_1_18' title='bbox 290 625 423 712; x_wconf 75' lang='lat' dir='ltr'><strong>seriores</strong></span> <span class='ocrx_word' id='word_1_19' title='bbox 438 635 544 710; x_wconf 78' lang='lat' dir='ltr'><strong>postes</strong></span> <span class='ocrx_word' id='word_1_20' title='bbox 564 623 632 698; x_wconf 84' lang='lat' dir='ltr'><strong>esti,</strong></span> <span class='ocrx_word' id='word_1_21' title='bbox 652 625 681 687; x_wconf 87' lang='lat' dir='ltr'><strong>si</strong></span> <span class='ocrx_word' id='word_1_22' title='bbox 700 625 743 688; x_wconf 89' lang='lat' dir='ltr'><strong>ad</strong></span> <span class='ocrx_word' id='word_1_23' title='bbox 763 626 877 688; x_wconf 71' lang='lat' dir='ltr'><strong>cubem</strong></span> <span class='ocrx_word' id='word_1_24' title='bbox 898 623 1084 689; x_wconf 68' lang='lat' dir='ltr'><strong>mandanae</strong></span> <span class='ocrx_word' id='word_1_25' title='bbox 1102 623 1259 709; x_wconf 85' lang='lat' dir='ltr'><strong>subitoque</strong></span> <span class='ocrx_word' id='word_1_26' title='bbox 1278 624 1448 700; x_wconf 83' lang='lat' dir='ltr'><strong>desierunt,</strong></span> <span class='ocrx_word' id='word_1_27' title='bbox 1467 645 1553 688; x_wconf 58' lang='lat' dir='ltr'><strong>moss-</strong></span> 
     </span>
     <span class='ocr_line' id='line_1_4' title="bbox 298 724 1447 812; baseline -0.003 -20"><span class='ocrx_word' id='word_1_28' title='bbox 298 737 356 792; x_wconf 85' lang='lat' dir='ltr'><strong>tem</strong></span> <span class='ocrx_word' id='word_1_29' title='bbox 377 725 494 789; x_wconf 88' lang='lat' dir='ltr'><strong>subesse</strong></span> <span class='ocrx_word' id='word_1_30' title='bbox 513 734 673 800; x_wconf 76' lang='lat' dir='ltr'><strong>testamur,</strong></span> <span class='ocrx_word' id='word_1_31' title='bbox 700 726 854 810; x_wconf 80' lang='lat' dir='ltr'><strong>mapisque</strong></span> <span class='ocrx_word' id='word_1_32' title='bbox 874 726 902 788; x_wconf 89' lang='lat' dir='ltr'><strong>si</strong></span> <span class='ocrx_word' id='word_1_33' title='bbox 922 724 985 788; x_wconf 84' lang='lat' dir='ltr'><strong>ulia</strong></span> <span class='ocrx_word' id='word_1_34' title='bbox 1006 747 1123 812; x_wconf 88' lang='lat' dir='ltr'><strong>quoquc</strong></span> <span class='ocrx_word' id='word_1_35' title='bbox 1143 726 1231 810; x_wconf 68' lang='grc' dir='ltr'><em>εἰρηα</em></span> <span class='ocrx_word' id='word_1_36' title='bbox 1251 735 1447 790; x_wconf 82' lang='lat' dir='ltr'><strong>aceessemsut.</strong></span> 
     </span>
    </p>

    <p class='ocr_par' dir='ltr' id='par_1_3' title="bbox 299 825 1554 1012">
     <span class='ocr_line' id='line_1_5' title="bbox 380 825 1554 910; baseline -0.003 -19"><span class='ocrx_word' id='word_1_37' title='bbox 380 825 567 902; x_wconf 77' lang='lat' dir='ltr'><strong>Subinde,</strong></span> <span class='ocrx_word' id='word_1_38' title='bbox 605 845 694 908; x_wconf 89' lang='lat' dir='ltr'><strong>quam</strong></span> <span class='ocrx_word' id='word_1_39' title='bbox 726 827 907 908; x_wconf 76' lang='lat' dir='ltr'>particulam</span> <span class='ocrx_word' id='word_1_40' title='bbox 938 825 1044 890; x_wconf 88' lang='lat' dir='ltr'><strong>Livius</strong></span> <span class='ocrx_word' id='word_1_41' title='bbox 1076 827 1192 910; x_wconf 87' lang='lat' dir='ltr'><strong>primus</strong></span> <span class='ocrx_word' id='word_1_42' title='bbox 1226 827 1343 892; x_wconf 88' lang='lat' dir='ltr'><strong>videtur</strong></span> <span class='ocrx_word' id='word_1_43' title='bbox 1375 845 1554 908; x_wconf 75' lang='lat' dir='ltr'><strong>usurpasse,</strong></span> 
     </span>
     <span class='ocr_line' id='line_1_6' title="bbox 299 927 875 1012; baseline -0.003 -20"><span class='ocrx_word' id='word_1_44' title='bbox 299 929 381 1012; x_wconf 87' lang='lat' dir='ltr'><strong>apud</strong></span> <span class='ocrx_word' id='word_1_45' title='bbox 403 927 525 992; x_wconf 79' lang='lat' dir='ltr'><strong>Celsum</strong></span> <span class='ocrx_word' id='word_1_46' title='bbox 547 927 636 990; x_wconf 86' lang='lat' dir='ltr'><strong>valde</strong></span> <span class='ocrx_word' id='word_1_47' title='bbox 658 928 798 1010; x_wconf 79' lang='lat' dir='ltr'><strong>frequens</strong></span> <span class='ocrx_word' id='word_1_48' title='bbox 820 937 875 990; x_wconf 83' lang='lat' dir='ltr'><strong>est</strong></span> 
     </span>
    </p>

    <p class='ocr_par' dir='ltr' id='par_1_4' title="bbox 249 1028 1558 3333">
     <span class='ocr_line' id='line_1_7' title="bbox 386 1028 1552 1114; baseline 0 -22"><span class='ocrx_word' id='word_1_49' title='bbox 386 1029 587 1114; x_wconf 83' lang='lat' dir='ltr'><strong>Tamquam</strong></span> <span class='ocrx_word' id='word_1_50' title='bbox 608 1047 666 1091; x_wconf 90' lang='lat' dir='ltr'><strong>non</strong></span> <span class='ocrx_word' id='word_1_51' title='bbox 689 1028 907 1110; x_wconf 77' lang='lat' dir='ltr'><strong>comparationi</strong></span> <span class='ocrx_word' id='word_1_52' title='bbox 928 1028 1144 1107; x_wconf 88' lang='lat' dir='ltr'><strong>inservit,.sed</strong></span> <span class='ocrx_word' id='word_1_53' title='bbox 1166 1029 1281 1092; x_wconf 86' lang='lat' dir='ltr'><strong>causali</strong></span> <span class='ocrx_word' id='word_1_54' title='bbox 1303 1029 1334 1092; x_wconf 85' lang='lat' dir='ltr'><strong>vi</strong></span> <span class='ocrx_word' id='word_1_55' title='bbox 1355 1031 1477 1111; x_wconf 87' lang='lat' dir='ltr'><strong>ponitur</strong></span> <span class='ocrx_word' id='word_1_56' title='bbox 1497 1049 1552 1112; x_wconf 91' lang='lat' dir='ltr'><strong>pro</strong></span> 
     </span>
     <span class='ocr_line' id='line_1_8' title="bbox 299 1127 1554 1218; baseline 0 -24"><span class='ocrx_word' id='word_1_57' title='bbox 299 1130 449 1212; x_wconf 85' lang='lat' dir='ltr'><strong>particula</strong></span> <span class='ocrx_word' id='word_1_58' title='bbox 473 1139 506 1192; x_wconf 90' lang='lat' dir='ltr'><strong>ut</strong></span> <span class='ocrx_word' id='word_1_59' title='bbox 535 1131 584 1204; x_wconf 91' lang='grc' dir='ltr'><strong>Π,</strong></span> <span class='ocrx_word' id='word_1_60' title='bbox 614 1131 652 1191; x_wconf 87' lang='grc'><strong>14</strong></span> <span class='ocrx_word' id='word_1_61' title='bbox 678 1131 720 1192; x_wconf 92' lang='lat' dir='ltr'><strong>in.</strong></span> <span class='ocrx_word' id='word_1_62' title='bbox 772 1127 825 1194; x_wconf 89' lang='lat' dir='ltr'><strong>De</strong></span> <span class='ocrx_word' id='word_1_63' title='bbox 850 1129 993 1210; x_wconf 75' lang='lat' dir='ltr'><strong>frictione</strong></span> <span class='ocrx_word' id='word_1_64' title='bbox 1016 1153 1086 1196; x_wconf 85' lang='lat' dir='ltr'><strong>cero</strong></span> <span class='ocrx_word' id='word_1_65' title='bbox 1113 1130 1189 1194; x_wconf 90' lang='lat' dir='ltr'><strong>adeo</strong></span> <span class='ocrx_word' id='word_1_66' title='bbox 1216 1129 1314 1194; x_wconf 90' lang='lat' dir='ltr'><strong>multa</strong></span> <span class='ocrx_word' id='word_1_67' title='bbox 1341 1129 1554 1218; x_wconf 75' lang='lat' dir='ltr'><strong>Asclepiades,</strong></span> 
     </span>
     <span class='ocr_line' id='line_1_9' title="bbox 297 1230 1553 1316; baseline 0 -22"><span class='ocrx_word' id='word_1_68' title='bbox 297 1241 452 1316; x_wconf 85' lang='lat' dir='ltr'><strong>tamquam</strong></span> <span class='ocrx_word' id='word_1_69' title='bbox 478 1231 615 1295; x_wconf 80' lang='lat' dir='ltr'><strong>incentor</strong></span> <span class='ocrx_word' id='word_1_70' title='bbox 639 1231 721 1316; x_wconf 79' lang='lat' dir='ltr'><strong>ejus,</strong></span> <span class='ocrx_word' id='word_1_71' title='bbox 742 1230 847 1316; x_wconf 77' lang='lat' dir='ltr'><strong>posuit</strong></span> <span class='ocrx_word' id='word_1_72' title='bbox 867 1231 900 1294; x_wconf 89' lang='lat' dir='ltr'><strong>iu</strong></span> <span class='ocrx_word' id='word_1_73' title='bbox 921 1252 954 1296; x_wconf 91' lang='lat' dir='ltr'><strong>eo</strong></span> <span class='ocrx_word' id='word_1_74' title='bbox 975 1231 1123 1298; x_wconf 83' lang='lat' dir='ltr'><strong>uolumine</strong></span> <span class='ocrx_word' id='word_1_75' title='bbox 1150 1240 1208 1296; x_wconf 88' lang='lat' dir='ltr'><strong>cet.</strong></span> <span class='ocrx_word' id='word_1_76' title='bbox 1250 1231 1292 1294; x_wconf 86' lang='lat' dir='ltr'><strong>Et</strong></span> <span class='ocrx_word' id='word_1_77' title='bbox 1313 1251 1415 1296; x_wconf 87' lang='lat' dir='ltr'><strong>causae</strong></span> <span class='ocrx_word' id='word_1_78' title='bbox 1436 1232 1553 1314; x_wconf 80' lang='lat' dir='ltr'><strong>signiti-</strong></span> 
     </span>
     <span class='ocr_line' id='line_1_10' title="bbox 297 1331 1553 1420; baseline -0.002 -22"><span class='ocrx_word' id='word_1_79' title='bbox 297 1332 449 1398; x_wconf 88' lang='lat' dir='ltr'><strong>catioacm</strong></span> <span class='ocrx_word' id='word_1_80' title='bbox 474 1331 510 1394; x_wconf 85' lang='lat' dir='ltr'><strong>iis</strong></span> <span class='ocrx_word' id='word_1_81' title='bbox 538 1350 653 1413; x_wconf 89' lang='lat' dir='ltr'><strong>qnoque</strong></span> <span class='ocrx_word' id='word_1_82' title='bbox 679 1332 752 1394; x_wconf 88' lang='lat' dir='ltr'><strong>locis</strong></span> <span class='ocrx_word' id='word_1_83' title='bbox 781 1331 897 1396; x_wconf 88' lang='lat' dir='ltr'><strong>habeut</strong></span> <span class='ocrx_word' id='word_1_84' title='bbox 922 1342 953 1396; x_wconf 88' lang='lat' dir='ltr'><strong>et</strong></span> <span class='ocrx_word' id='word_1_85' title='bbox 973 1342 1129 1420; x_wconf 84' lang='lat' dir='ltr'><strong>tamquam</strong></span> <span class='ocrx_word' id='word_1_86' title='bbox 1154 1342 1186 1396; x_wconf 88' lang='lat' dir='ltr'><strong>at</strong></span> <span class='ocrx_word' id='word_1_87' title='bbox 1206 1331 1272 1394; x_wconf 79' lang='lat' dir='ltr'><strong>alta</strong></span> <span class='ocrx_word' id='word_1_88' title='bbox 1294 1333 1450 1412; x_wconf 76' lang='lat' dir='ltr'><strong>particula</strong></span> <span class='ocrx_word' id='word_1_89' title='bbox 1471 1351 1553 1396; x_wconf 90' lang='lat' dir='ltr'><strong>cnm·</strong></span> 
     </span>
     <span class='ocr_line' id='line_1_11' title="bbox 297 1432 1554 1517; baseline 0 -21"><span class='ocrx_word' id='word_1_90' title='bbox 297 1433 460 1515; x_wconf 74' lang='lat' dir='ltr'><strong>putativa,</strong></span> <span class='ocrx_word' id='word_1_91' title='bbox 487 1432 539 1495; x_wconf 90' lang='lat' dir='ltr'><strong>nbi</strong></span> <span class='ocrx_word' id='word_1_92' title='bbox 564 1451 618 1512; x_wconf 86' lang='lat' dir='ltr'><strong>per</strong></span> <span class='ocrx_word' id='word_1_93' title='bbox 642 1433 699 1496; x_wconf 86' lang='lat' dir='ltr'><strong>has</strong></span> <span class='ocrx_word' id='word_1_94' title='bbox 726 1442 819 1514; x_wconf 85' lang='lat' dir='ltr'><strong>pcrtt.</strong></span> <span class='ocrx_word' id='word_1_95' title='bbox 841 1433 994 1498; x_wconf 80' lang='lat' dir='ltr'><strong>inducitur</strong></span> <span class='ocrx_word' id='word_1_96' title='bbox 1014 1435 1063 1509; x_wconf 87' lang='lat' dir='ltr'><strong>id,</strong></span> <span class='ocrx_word' id='word_1_97' title='bbox 1090 1433 1169 1517; x_wconf 90' lang='lat' dir='ltr'><strong>qnod</strong></span> <span class='ocrx_word' id='word_1_98' title='bbox 1191 1432 1269 1495; x_wconf 90' lang='lat' dir='ltr'><strong>alius</strong></span> <span class='ocrx_word' id='word_1_99' title='bbox 1291 1432 1359 1516; x_wconf 90' lang='lat' dir='ltr'><strong>quis</strong></span> <span class='ocrx_word' id='word_1_100' title='bbox 1387 1433 1436 1496; x_wconf 86' lang='lat' dir='ltr'><strong>vel</strong></span> <span class='ocrx_word' id='word_1_101' title='bbox 1458 1434 1554 1496; x_wconf 87' lang='lat' dir='ltr'><strong>scutit</strong></span> 
     </span>
     <span class='ocr_line' id='line_1_12' title="bbox 298 1533 1554 1620; baseline 0 -24"><span class='ocrx_word' id='word_1_102' title='bbox 298 1533 346 1598; x_wconf 85' lang='lat' dir='ltr'><strong>sol</strong></span> <span class='ocrx_word' id='word_1_103' title='bbox 371 1533 454 1596; x_wconf 89' lang='lat' dir='ltr'><strong>dicit.</strong></span> <span class='ocrx_word' id='word_1_104' title='bbox 496 1533 546 1595; x_wconf 88' lang='lat' dir='ltr'><strong>Ita</strong></span> <span class='ocrx_word' id='word_1_105' title='bbox 567 1533 585 1596; x_wconf 89' lang='lat'><em>1</em></span> <span class='ocrx_word' id='word_1_106' title='bbox 605 1552 737 1616; x_wconf 90' lang='lat' dir='ltr'><strong>procem.</strong></span> <span class='ocrx_word' id='word_1_107' title='bbox 764 1551 795 1614; x_wconf 88' lang='lat' dir='ltr'><strong>p.</strong></span> <span class='ocrx_word' id='word_1_108' title='bbox 816 1535 852 1608; x_wconf 85' lang='lat'><strong>2,</strong></span> <span class='ocrx_word' id='word_1_109' title='bbox 873 1533 914 1596; x_wconf 82' lang='lat'><strong>25</strong></span> <span class='ocrx_word' id='word_1_110' title='bbox 940 1555 1044 1598; x_wconf 77' lang='lat' dir='ltr'><strong>rerum</strong></span> <span class='ocrx_word' id='word_1_111' title='bbox 1071 1553 1189 1620; x_wconf 87' lang='lat' dir='ltr'><strong>quoque</strong></span> <span class='ocrx_word' id='word_1_112' title='bbox 1215 1541 1335 1595; x_wconf 78' lang='lat' dir='ltr'><strong>natura</strong></span> <span class='ocrx_word' id='word_1_113' title='bbox 1354 1534 1554 1618; x_wconf 75' lang='lat' dir='ltr'><strong>coquitionem</strong></span> 
     </span>
     <span class='ocr_line' id='line_1_13' title="bbox 296 1630 1553 1718; baseline 0 -20"><span class='ocrx_word' id='word_1_114' title='bbox 296 1633 356 1698; x_wconf 87' lang='lat' dir='ltr'><strong>sibi</strong></span> <span class='ocrx_word' id='word_1_115' title='bbox 385 1632 596 1708; x_wconf 83' lang='lat' dir='ltr'><strong>vindicarunt,</strong></span> <span class='ocrx_word' id='word_1_116' title='bbox 628 1642 784 1718; x_wconf 85' lang='lat' dir='ltr'><strong>tamquam</strong></span> <span class='ocrx_word' id='word_1_117' title='bbox 814 1633 880 1696; x_wconf 87' lang='lat' dir='ltr'><strong>siue</strong></span> <span class='ocrx_word' id='word_1_118' title='bbox 911 1653 947 1698; x_wconf 93' lang='lat' dir='ltr'><strong>ea</strong></span> <span class='ocrx_word' id='word_1_119' title='bbox 978 1643 1086 1699; x_wconf 81' lang='lat' dir='ltr'><strong>trunca</strong></span> <span class='ocrx_word' id='word_1_120' title='bbox 1112 1645 1140 1698; x_wconf 92' lang='lat' dir='ltr'><strong>et</strong></span> <span class='ocrx_word' id='word_1_121' title='bbox 1163 1630 1272 1696; x_wconf 84' lang='lat' dir='ltr'><strong>debilis</strong></span> <span class='ocrx_word' id='word_1_122' title='bbox 1297 1634 1450 1698; x_wconf 78' lang='lat' dir='ltr'><strong>audiciaa</strong></span> <span class='ocrx_word' id='word_1_123' title='bbox 1470 1643 1553 1698; x_wconf 83' lang='lat' dir='ltr'><strong>esset.</strong></span> 
     </span>
     <span class='ocr_line' id='line_1_14' title="bbox 296 1733 1554 1820; baseline -0.002 -22"><span class='ocrx_word' id='word_1_124' title='bbox 296 1736 359 1810; x_wconf 91' lang='lat'><strong>111,</strong></span> <span class='ocrx_word' id='word_1_125' title='bbox 380 1734 402 1798; x_wconf 79' lang='grc'><strong>4</strong></span> <span class='ocrx_word' id='word_1_126' title='bbox 426 1755 455 1816; x_wconf 88' lang='lat' dir='ltr'><strong>p.</strong></span> <span class='ocrx_word' id='word_1_127' title='bbox 476 1734 534 1810; x_wconf 90' lang='grc'><strong>80,</strong></span> <span class='ocrx_word' id='word_1_128' title='bbox 556 1733 597 1796; x_wconf 83' lang='grc'><strong>25</strong></span> <span class='ocrx_word' id='word_1_129' title='bbox 629 1755 734 1818; x_wconf 90' lang='lat' dir='ltr'><strong>eosque</strong></span> <span class='ocrx_word' id='word_1_130' title='bbox 756 1735 863 1815; x_wconf 89' lang='lat' dir='ltr'><strong>(dies),</strong></span> <span class='ocrx_word' id='word_1_131' title='bbox 896 1743 1052 1820; x_wconf 80' lang='lat' dir='ltr'><strong>tamquam</strong></span> <span class='ocrx_word' id='word_1_132' title='bbox 1079 1745 1149 1798; x_wconf 83' lang='lat' dir='ltr'><strong>tuuc</strong></span> <span class='ocrx_word' id='word_1_133' title='bbox 1176 1735 1213 1798; x_wconf 88' lang='lat' dir='ltr'><strong>de</strong></span> <span class='ocrx_word' id='word_1_134' title='bbox 1241 1735 1330 1817; x_wconf 79' lang='lat' dir='ltr'><strong>apsis</strong></span> <span class='ocrx_word' id='word_1_135' title='bbox 1344 1733 1554 1819; x_wconf 80' lang='lat' dir='ltr'><strong>judiearetuc,</strong></span> 
     </span>
     <span class='ocr_line' id='line_1_15' title="bbox 297 1833 1554 1920; baseline -0.002 -22"><span class='ocrx_word' id='word_1_136' title='bbox 297 1836 460 1920; x_wconf 69' lang='lat' dir='ltr'><strong>speoipcua</strong></span> <span class='ocrx_word' id='word_1_137' title='bbox 484 1833 689 1898; x_wconf 83' lang='lat' dir='ltr'><strong>aosuinabant.</strong></span> <span class='ocrx_word' id='word_1_138' title='bbox 721 1836 785 1912; x_wconf 92' lang='grc' dir='ltr'>ΙΙΙ,</span> <span class='ocrx_word' id='word_1_139' title='bbox 809 1835 848 1898; x_wconf 87' lang='grc'><strong>18</strong></span> <span class='ocrx_word' id='word_1_140' title='bbox 875 1855 903 1916; x_wconf 87' lang='lat' dir='ltr'><strong>p.</strong></span> <span class='ocrx_word' id='word_1_141' title='bbox 925 1834 967 1898; x_wconf 92' lang='grc'><strong>99</strong></span> <span class='ocrx_word' id='word_1_142' title='bbox 992 1835 1034 1898; x_wconf 91' lang='lat' dir='ltr'><strong>iu.</strong></span> <span class='ocrx_word' id='word_1_143' title='bbox 1081 1834 1124 1898; x_wconf 82' lang='lat' dir='ltr'><strong>As</strong></span> <span class='ocrx_word' id='word_1_144' title='bbox 1153 1833 1363 1918; x_wconf 85' lang='lat' dir='ltr'><strong>Asclepiades,</strong></span> <span class='ocrx_word' id='word_1_145' title='bbox 1395 1845 1554 1920; x_wconf 76' lang='lat' dir='ltr'><strong><em>tamquam</em></strong></span> 
     </span>
     <span class='ocr_line' id='line_1_16' title="bbox 297 1933 1554 2022; baseline -0.002 -22"><span class='ocrx_word' id='word_1_146' title='bbox 297 1936 425 2001; x_wconf 82' lang='lat' dir='ltr'><strong>teuebris</strong></span> <span class='ocrx_word' id='word_1_147' title='bbox 445 1935 523 2022; x_wconf 88' lang='lat' dir='ltr'><strong>ipsis</strong></span> <span class='ocrx_word' id='word_1_148' title='bbox 543 1935 736 2011; x_wconf 79' lang='lat' dir='ltr'><strong>terrmtibus,</strong></span> <span class='ocrx_word' id='word_1_149' title='bbox 764 1936 798 1998; x_wconf 85' lang='lat' dir='ltr'><strong>ia</strong></span> <span class='ocrx_word' id='word_1_150' title='bbox 819 1933 930 1998; x_wconf 83' lang='lat' dir='ltr'><strong>luceiae</strong></span> <span class='ocrx_word' id='word_1_151' title='bbox 951 1934 1102 2000; x_wconf 78' lang='lat' dir='ltr'><strong>babendos</strong></span> <span class='ocrx_word' id='word_1_152' title='bbox 1123 1957 1171 2001; x_wconf 84' lang='lat' dir='ltr'><strong>eos</strong></span> <span class='ocrx_word' id='word_1_153' title='bbox 1192 1935 1280 1998; x_wconf 76' lang='lat' dir='ltr'><strong>dicit.</strong></span> <span class='ocrx_word' id='word_1_154' title='bbox 1323 1937 1440 2000; x_wconf 85' lang='lat' dir='ltr'><strong>Eodem</strong></span> <span class='ocrx_word' id='word_1_155' title='bbox 1463 1937 1554 1998; x_wconf 83' lang='lat' dir='ltr'><strong>ruodo</strong></span> 
     </span>
     <span class='ocr_line' id='line_1_17' title="bbox 297 2035 1556 2121; baseline -0.003 -19"><span class='ocrx_word' id='word_1_156' title='bbox 297 2046 463 2120; x_wconf 90' lang='lat' dir='ltr'><strong>usurpatur</strong></span> <span class='ocrx_word' id='word_1_157' title='bbox 484 2037 597 2121; x_wconf 88' lang='lat' dir='ltr'><strong>quasi</strong></span> <span class='ocrx_word' id='word_1_158' title='bbox 617 2037 682 2112; x_wconf 90' lang='grc' dir='ltr'>ΙΙΙ,</span> <span class='ocrx_word' id='word_1_159' title='bbox 703 2037 724 2099; x_wconf 86' lang='grc'>4</span> <span class='ocrx_word' id='word_1_160' title='bbox 745 2055 774 2118; x_wconf 94' lang='lat' dir='ltr'><strong>p.</strong></span> <span class='ocrx_word' id='word_1_161' title='bbox 796 2036 854 2111; x_wconf 91' lang='grc'><strong>80,</strong></span> <span class='ocrx_word' id='word_1_162' title='bbox 876 2038 916 2098; x_wconf 86' lang='grc'><strong>33</strong></span> <span class='ocrx_word' id='word_1_163' title='bbox 937 2035 1046 2100; x_wconf 78' lang='lat' dir='ltr'><strong>deiude</strong></span> <span class='ocrx_word' id='word_1_164' title='bbox 1064 2046 1168 2121; x_wconf 88' lang='lat' dir='ltr'><strong>postea</strong></span> <span class='ocrx_word' id='word_1_165' title='bbox 1188 2035 1302 2110; x_wconf 87' lang='lat' dir='ltr'><strong>cibam,</strong></span> <span class='ocrx_word' id='word_1_166' title='bbox 1323 2036 1412 2121; x_wconf 85' lang='lat' dir='ltr'><strong>quasi</strong></span> <span class='ocrx_word' id='word_1_167' title='bbox 1432 2035 1556 2100; x_wconf 79' lang='lat' dir='ltr'><strong>lecim-i-</strong></span> 
     </span>
     <span class='ocr_line' id='line_1_18' title="bbox 297 2125 1556 2222; baseline -0.003 -20"><span class='ocrx_word' id='word_1_168' title='bbox 297 2138 354 2202; x_wconf 91' lang='lat' dir='ltr'><strong>bus</strong></span> <span class='ocrx_word' id='word_1_169' title='bbox 371 2135 587 2204; x_wconf 76' lang='lat' dir='ltr'><strong>accessionibus</strong></span> <span class='ocrx_word' id='word_1_170' title='bbox 603 2136 799 2214; x_wconf 82' lang='lat' dir='ltr'><strong>instantibus,</strong></span> <span class='ocrx_word' id='word_1_171' title='bbox 814 2125 932 2201; x_wconf 64' lang='lat' dir='ltr'><strong>taceae</strong></span> <span class='ocrx_word' id='word_1_172' title='bbox 966 2137 1013 2200; x_wconf 89' lang='lat' dir='ltr'><strong>lb.</strong></span> <span class='ocrx_word' id='word_1_173' title='bbox 1036 2159 1066 2220; x_wconf 90' lang='lat' dir='ltr'><strong>p.</strong></span> <span class='ocrx_word' id='word_1_174' title='bbox 1081 2139 1118 2200; x_wconf 89' lang='lat'><strong>81</strong></span> <span class='ocrx_word' id='word_1_175' title='bbox 1136 2139 1178 2201; x_wconf 91' lang='lat' dir='ltr'><strong>in.</strong></span> <span class='ocrx_word' id='word_1_176' title='bbox 1194 2137 1258 2222; x_wconf 90' lang='lat' dir='ltr'><strong>ipsi</strong></span> <span class='ocrx_word' id='word_1_177' title='bbox 1271 2135 1332 2200; x_wconf 88' lang='lat' dir='ltr'><strong>sibi</strong></span> <span class='ocrx_word' id='word_1_178' title='bbox 1344 2135 1556 2222; x_wconf 78' lang='lat' dir='ltr'><strong>repupuabant</strong></span> 
     </span>
     <span class='ocr_line' id='line_1_19' title="bbox 297 2237 1557 2322; baseline -0.003 -18"><span class='ocrx_word' id='word_1_179' title='bbox 297 2261 358 2306; x_wconf 84' lang='lat' dir='ltr'><strong>nou</strong></span> <span class='ocrx_word' id='word_1_180' title='bbox 384 2249 519 2304; x_wconf 74' lang='lat' dir='ltr'><strong>oausam</strong></span> <span class='ocrx_word' id='word_1_181' title='bbox 545 2257 639 2322; x_wconf 84' lang='lat' dir='ltr'><strong>aeque</strong></span> <span class='ocrx_word' id='word_1_182' title='bbox 666 2238 815 2302; x_wconf 68' lang='lat' dir='ltr'><strong>decim</strong></span> <span class='ocrx_word' id='word_1_183' title='bbox 846 2257 939 2321; x_wconf 86' lang='lat' dir='ltr'><strong>aeque</strong></span> <span class='ocrx_word' id='word_1_184' title='bbox 967 2237 1179 2304; x_wconf 88' lang='lat' dir='ltr'><strong>duodecimum</strong></span> <span class='ocrx_word' id='word_1_185' title='bbox 1200 2239 1282 2302; x_wconf 86' lang='lat' dir='ltr'><strong>diem</strong></span> <span class='ocrx_word' id='word_1_186' title='bbox 1302 2238 1445 2302; x_wconf 58' lang='lat' dir='ltr'><strong>cumeum</strong></span> <span class='ocrx_word' id='word_1_187' title='bbox 1467 2237 1557 2322; x_wconf 88' lang='lat' dir='ltr'><strong>quasi</strong></span> 
     </span>
     <span class='ocr_line' id='line_1_20' title="bbox 297 2334 1556 2428; baseline -0.002 -23"><span class='ocrx_word' id='word_1_188' title='bbox 297 2341 503 2428; x_wconf 79' lang='lat' dir='ltr'><strong>potentiorem.</strong></span> <span class='ocrx_word' id='word_1_189' title='bbox 551 2336 659 2402; x_wconf 88' lang='lat' dir='ltr'><strong>Velut</strong></span> <span class='ocrx_word' id='word_1_190' title='bbox 687 2339 727 2415; x_wconf 91' lang='lat' dir='ltr'><strong>V,</strong></span> <span class='ocrx_word' id='word_1_191' title='bbox 752 2334 837 2413; x_wconf 83' lang='lat' dir='ltr'><strong>l&#39;i‚l</strong></span> <span class='ocrx_word' id='word_1_192' title='bbox 872 2337 979 2423; x_wconf 88' lang='lat' dir='ltr'><strong>Itaque</strong></span> <span class='ocrx_word' id='word_1_193' title='bbox 1010 2350 1161 2404; x_wconf 72' lang='lat' dir='ltr'><strong>contemtu</strong></span> <span class='ocrx_word' id='word_1_194' title='bbox 1191 2339 1232 2402; x_wconf 89' lang='lat' dir='ltr'><strong>iis</strong></span> <span class='ocrx_word' id='word_1_195' title='bbox 1265 2337 1556 2424; x_wconf 77' lang='lat' dir='ltr'><strong>(compositionibus)</strong></span> 
     </span>
     <span class='ocr_line' id='line_1_21' title="bbox 299 2437 1556 2527; baseline -0.004 -20"><span class='ocrx_word' id='word_1_196' title='bbox 299 2461 365 2517; x_wconf 75' lang='lat' dir='ltr'><strong>eso,</strong></span> <span class='ocrx_word' id='word_1_197' title='bbox 396 2463 473 2527; x_wconf 90' lang='lat' dir='ltr'><strong>quas</strong></span> <span class='ocrx_word' id='word_1_198' title='bbox 498 2439 599 2524; x_wconf 86' lang='lat' dir='ltr'><strong>accepi</strong></span> <span class='ocrx_word' id='word_1_199' title='bbox 625 2437 703 2503; x_wconf 83' lang='lat' dir='ltr'><strong>uelut</strong></span> <span class='ocrx_word' id='word_1_200' title='bbox 729 2437 940 2504; x_wconf 84' lang='lat' dir='ltr'><strong>nobilissimas.</strong></span> <span class='ocrx_word' id='word_1_201' title='bbox 982 2440 1042 2504; x_wconf 87' lang='lat' dir='ltr'><strong>Hic</strong></span> <span class='ocrx_word' id='word_1_202' title='bbox 1069 2461 1156 2516; x_wconf 89' lang='lat' dir='ltr'><strong>usus,</strong></span> <span class='ocrx_word' id='word_1_203' title='bbox 1191 2439 1243 2522; x_wconf 88' lang='lat' dir='ltr'><strong>qai</strong></span> <span class='ocrx_word' id='word_1_204' title='bbox 1269 2440 1307 2502; x_wconf 84' lang='lat' dir='ltr'><strong>ad</strong></span> <span class='ocrx_word' id='word_1_205' title='bbox 1328 2439 1556 2504; x_wconf 88' lang='lat' dir='ltr'><strong>similitudinem</strong></span> 
     </span>
     <span class='ocr_line' id='line_1_22' title="bbox 300 2536 1558 2625; baseline -0.006 -17"><span class='ocrx_word' id='word_1_206' title='bbox 300 2563 402 2625; x_wconf 78' lang='lat' dir='ltr'><strong>graecae</strong></span> <span class='ocrx_word' id='word_1_207' title='bbox 424 2551 502 2624; x_wconf 87' lang='lat' dir='ltr'><strong>part.</strong></span> <span class='ocrx_word' id='word_1_208' title='bbox 525 2536 568 2614; x_wconf 78' lang='grc' dir='ltr'><strong>ὡς</strong></span> <span class='ocrx_word' id='word_1_209' title='bbox 581 2541 716 2622; x_wconf 85' lang='lat' dir='ltr'><strong>proxime</strong></span> <span class='ocrx_word' id='word_1_210' title='bbox 738 2541 869 2617; x_wconf 90' lang='lat' dir='ltr'><strong>accedit,</strong></span> <span class='ocrx_word' id='word_1_211' title='bbox 891 2541 973 2623; x_wconf 89' lang='lat' dir='ltr'><strong>apud</strong></span> <span class='ocrx_word' id='word_1_212' title='bbox 988 2541 1127 2604; x_wconf 83' lang='lat' dir='ltr'><strong>Tacitum</strong></span> <span class='ocrx_word' id='word_1_213' title='bbox 1144 2541 1275 2604; x_wconf 82' lang='lat' dir='ltr'><strong>maxima</strong></span> <span class='ocrx_word' id='word_1_214' title='bbox 1289 2540 1452 2614; x_wconf 82' lang='lat' dir='ltr'><strong>invenitur,</strong></span> <span class='ocrx_word' id='word_1_215' title='bbox 1473 2539 1558 2602; x_wconf 75' lang='lat' dir='ltr'><strong>uelut</strong></span> 
     </span>
     <span class='ocr_line' id='line_1_23' title="bbox 300 2639 1557 2725; baseline -0.002 -19"><span class='ocrx_word' id='word_1_216' title='bbox 300 2643 414 2706; x_wconf 87' lang='lat' dir='ltr'><strong>Annal.</strong></span> <span class='ocrx_word' id='word_1_217' title='bbox 439 2645 491 2718; x_wconf 87' lang='lat'><strong>12,</strong></span> <span class='ocrx_word' id='word_1_218' title='bbox 512 2641 554 2706; x_wconf 88' lang='grc'><strong>39</strong></span> <span class='ocrx_word' id='word_1_219' title='bbox 582 2639 720 2705; x_wconf 77' lang='lat' dir='ltr'><strong>Ostorius</strong></span> <span class='ocrx_word' id='word_1_220' title='bbox 741 2642 882 2706; x_wconf 75' lang='lat' dir='ltr'><strong>concessit</strong></span> <span class='ocrx_word' id='word_1_221' title='bbox 903 2642 980 2716; x_wconf 86' lang='lat' dir='ltr'><strong>uita,</strong></span> <span class='ocrx_word' id='word_1_222' title='bbox 1004 2639 1079 2704; x_wconf 74' lang='lat' dir='ltr'><strong>boetis</strong></span> <span class='ocrx_word' id='word_1_223' title='bbox 1101 2641 1248 2714; x_wconf 77' lang='lat' dir='ltr'><strong>hostibus,</strong></span> <span class='ocrx_word' id='word_1_224' title='bbox 1275 2650 1430 2725; x_wconf 84' lang='lat' dir='ltr'><strong><em>tamquam</em></strong></span> <span class='ocrx_word' id='word_1_225' title='bbox 1451 2641 1557 2704; x_wconf 87' lang='lat' dir='ltr'><strong>ducem</strong></span> 
     </span>
     <span class='ocr_line' id='line_1_24' title="bbox 299 2733 1557 2828; baseline -0.004 -20"><span class='ocrx_word' id='word_1_226' title='bbox 299 2741 621 2828; x_wconf 63' lang='lat' dir='ltr'><strong>mesepotamiam,</strong></span> <span class='ocrx_word' id='word_1_227' title='bbox 643 2741 699 2806; x_wconf 90' lang='lat' dir='ltr'><strong>etsi</strong></span> <span class='ocrx_word' id='word_1_228' title='bbox 719 2764 779 2806; x_wconf 86' lang='lat' dir='ltr'><strong>aaa</strong></span> <span class='ocrx_word' id='word_1_229' title='bbox 796 2741 962 2828; x_wconf 83' lang='lat' dir='ltr'><strong>proelium,</strong></span> <span class='ocrx_word' id='word_1_230' title='bbox 985 2751 1017 2804; x_wconf 91' lang='lat' dir='ltr'><strong>at</strong></span> <span class='ocrx_word' id='word_1_231' title='bbox 1036 2733 1243 2808; x_wconf 69' lang='lat' dir='ltr'><strong>oeristetten</strong></span> <span class='ocrx_word' id='word_1_232' title='bbox 1257 2740 1479 2828; x_wconf 85' lang='lat' dir='ltr'><strong>absumpsisset.</strong></span> <span class='ocrx_word' id='word_1_233' title='bbox 1504 2741 1557 2815; x_wconf 82' lang='lat'><strong>14,</strong></span> 
     </span>
     <span class='ocr_line' id='line_1_25' title="bbox 300 2840 1557 2940; baseline -0.003 -32"><span class='ocrx_word' id='word_1_234' title='bbox 300 2843 341 2908; x_wconf 84' lang='lat' dir='ltr'><strong>bb</strong></span> <span class='ocrx_word' id='word_1_235' title='bbox 368 2841 590 2929; x_wconf 77' lang='lat' dir='ltr'><strong>Doryphorum</strong></span> <span class='ocrx_word' id='word_1_236' title='bbox 609 2842 699 2927; x_wconf 88' lang='lat' dir='ltr'><strong>quasi</strong></span> <span class='ocrx_word' id='word_1_237' title='bbox 723 2842 915 2940; x_wconf 80' lang='lat' dir='ltr'><strong>adversatum</strong></span> <span class='ocrx_word' id='word_1_238' title='bbox 934 2843 1051 2928; x_wconf 84' lang='lat' dir='ltr'><strong>nuptiis</strong></span> <span class='ocrx_word' id='word_1_239' title='bbox 1071 2843 1229 2929; x_wconf 77' lang='lat' dir='ltr'><strong>Poppaea,</strong></span> <span class='ocrx_word' id='word_1_240' title='bbox 1253 2840 1442 2919; x_wconf 82' lang='lat' dir='ltr'><strong>Pallantem,</strong></span> <span class='ocrx_word' id='word_1_241' title='bbox 1475 2841 1557 2928; x_wconf 89' lang='lat' dir='ltr'><strong>quod</strong></span> 
     </span>
     <span class='ocr_line' id='line_1_26' title="bbox 299 2942 1557 3030; baseline -0.002 -21"><span class='ocrx_word' id='word_1_242' title='bbox 299 2946 478 3010; x_wconf 84' lang='lat' dir='ltr'><strong>immensam</strong></span> <span class='ocrx_word' id='word_1_243' title='bbox 499 2943 662 3030; x_wconf 81' lang='lat' dir='ltr'><strong>pecuniam</strong></span> <span class='ocrx_word' id='word_1_244' title='bbox 686 2942 777 3027; x_wconf 80' lang='lat' dir='ltr'><strong>lampa</strong></span> <span class='ocrx_word' id='word_1_245' title='bbox 802 2952 916 3008; x_wconf 84' lang='lat' dir='ltr'><strong>senecta</strong></span> <span class='ocrx_word' id='word_1_246' title='bbox 936 2943 1095 3020; x_wconf 79' lang='lat' dir='ltr'><strong>detines-et,</strong></span> <span class='ocrx_word' id='word_1_247' title='bbox 1123 2965 1232 3010; x_wconf 85' lang='lat' dir='ltr'><strong>oeueuo</strong></span> <span class='ocrx_word' id='word_1_248' title='bbox 1252 2942 1437 3027; x_wconf 78' lang='lat' dir='ltr'><strong>interfecisse</strong></span> <span class='ocrx_word' id='word_1_249' title='bbox 1456 2942 1557 3006; x_wconf 79' lang='lat' dir='ltr'><strong>credi-</strong></span> 
     </span>
     <span class='ocr_line' id='line_1_27' title="bbox 249 3043 1558 3130; baseline -0.002 -22"><span class='ocrx_word' id='word_1_250' title='bbox 249 3054 256 3066; x_wconf 81' lang='lat'><em>&#39;</em></span> <span class='ocrx_word' id='word_1_251' title='bbox 300 3054 349 3108; x_wconf 87' lang='lat' dir='ltr'><strong>tus</strong></span> <span class='ocrx_word' id='word_1_252' title='bbox 370 3053 421 3108; x_wconf 90' lang='lat' dir='ltr'><strong>est.</strong></span> <span class='ocrx_word' id='word_1_253' title='bbox 463 3045 556 3126; x_wconf 91' lang='lat' dir='ltr'><strong>Apud</strong></span> <span class='ocrx_word' id='word_1_254' title='bbox 584 3044 715 3108; x_wconf 84' lang='lat' dir='ltr'><strong>Plinium</strong></span> <span class='ocrx_word' id='word_1_255' title='bbox 743 3045 888 3108; x_wconf 88' lang='lat' dir='ltr'><strong>minorem</strong></span> <span class='ocrx_word' id='word_1_256' title='bbox 919 3043 965 3108; x_wconf 87' lang='lat' dir='ltr'><strong>its.</strong></span> <span class='ocrx_word' id='word_1_257' title='bbox 992 3056 1154 3128; x_wconf 85' lang='lat' dir='ltr'><strong>usurpatur</strong></span> <span class='ocrx_word' id='word_1_258' title='bbox 1179 3054 1260 3128; x_wconf 89' lang='lat' dir='ltr'><strong>part.</strong></span> <span class='ocrx_word' id='word_1_259' title='bbox 1288 3055 1452 3130; x_wconf 66' lang='lat' dir='ltr'><strong>umquam.</strong></span> <span class='ocrx_word' id='word_1_260' title='bbox 1503 3043 1558 3108; x_wconf 82' lang='lat' dir='ltr'><strong>Cir</strong></span> 
     </span>
     <span class='ocr_line' id='line_1_28' title="bbox 299 3144 1557 3229; baseline -0.002 -18"><span class='ocrx_word' id='word_1_261' title='bbox 299 3163 367 3229; x_wconf 77' lang='lat' dir='ltr'><strong>qua</strong></span> <span class='ocrx_word' id='word_1_262' title='bbox 388 3145 419 3209; x_wconf 92' lang='lat' dir='ltr'><strong>in</strong></span> <span class='ocrx_word' id='word_1_263' title='bbox 441 3145 598 3227; x_wconf 84' lang='lat' dir='ltr'><strong>Philclcgo</strong></span> <span class='ocrx_word' id='word_1_264' title='bbox 619 3146 734 3210; x_wconf 87' lang='lat' dir='ltr'>XXIV</span> <span class='ocrx_word' id='word_1_265' title='bbox 754 3165 822 3228; x_wconf 81' lang='lat' dir='ltr'><strong>pag.</strong></span> <span class='ocrx_word' id='word_1_266' title='bbox 847 3145 907 3208; x_wconf 86' lang='lat' dir='ltr'><strong>llb</strong></span> <span class='ocrx_word' id='word_1_267' title='bbox 927 3165 994 3228; x_wconf 93' lang='lat' dir='ltr'><strong>sqq.</strong></span> <span class='ocrx_word' id='word_1_268' title='bbox 1021 3147 1060 3210; x_wconf 87' lang='lat' dir='ltr'><strong>de</strong></span> <span class='ocrx_word' id='word_1_269' title='bbox 1082 3147 1129 3209; x_wconf 89' lang='lat' dir='ltr'><strong>his</strong></span> <span class='ocrx_word' id='word_1_270' title='bbox 1150 3145 1307 3229; x_wconf 75' lang='lat' dir='ltr'><strong>particulis</strong></span> <span class='ocrx_word' id='word_1_271' title='bbox 1329 3144 1499 3227; x_wconf 84' lang='lat' dir='ltr'><strong>disputavit</strong></span> <span class='ocrx_word' id='word_1_272' title='bbox 1518 3145 1557 3208; x_wconf 83' lang='grc' dir='ltr'><strong>Ε.</strong></span> 
     </span>
     <span class='ocr_line' id='line_1_29' title="bbox 300 3247 1167 3333; baseline -0.002 -21"><span class='ocrx_word' id='word_1_273' title='bbox 300 3247 495 3312; x_wconf 85' lang='lat' dir='ltr'><strong>Wbllllinius.</strong></span> <span class='ocrx_word' id='word_1_274' title='bbox 537 3247 686 3329; x_wconf 86' lang='lat' dir='ltr'><strong>Exempla</strong></span> <span class='ocrx_word' id='word_1_275' title='bbox 707 3247 835 3310; x_wconf 87' lang='lat' dir='ltr'><strong>Tacitea</strong></span> <span class='ocrx_word' id='word_1_276' title='bbox 856 3247 977 3328; x_wconf 83' lang='lat' dir='ltr'><strong>collegit</strong></span> <span class='ocrx_word' id='word_1_277' title='bbox 997 3247 1167 3333; x_wconf 85' lang='lat' dir='ltr'><strong>Draeger1).</strong></span> 
     </span>
    </p>

    <p class='ocr_par' dir='ltr' id='par_1_5' title="bbox 300 3346 1559 3632">
     <span class='ocr_line' id='line_1_30' title="bbox 388 3346 1559 3436; baseline 0 -26"><span class='ocrx_word' id='word_1_278' title='bbox 388 3347 435 3411; x_wconf 85' lang='lat' dir='ltr'><strong>Ut</strong></span> <span class='ocrx_word' id='word_1_279' title='bbox 455 3349 630 3412; x_wconf 87' lang='lat' dir='ltr'><strong>insolentius</strong></span> <span class='ocrx_word' id='word_1_280' title='bbox 651 3347 782 3429; x_wconf 89' lang='lat' dir='ltr'><strong>positum</strong></span> <span class='ocrx_word' id='word_1_281' title='bbox 804 3357 851 3412; x_wconf 92' lang='lat' dir='ltr'><strong>est</strong></span> <span class='ocrx_word' id='word_1_282' title='bbox 871 3347 913 3422; x_wconf 87' lang='lat' dir='ltr'><strong>V,</strong></span> <span class='ocrx_word' id='word_1_283' title='bbox 927 3347 984 3424; x_wconf 80' lang='lat'><strong>28,</strong></span> <span class='ocrx_word' id='word_1_284' title='bbox 1006 3350 1020 3411; x_wconf 97' lang='lat' dir='ltr'><strong>l</strong></span> <span class='ocrx_word' id='word_1_285' title='bbox 1044 3350 1095 3412; x_wconf 88' lang='lat' dir='ltr'><strong>tiu.</strong></span> <span class='ocrx_word' id='word_1_286' title='bbox 1116 3357 1254 3433; x_wconf 85' lang='lat' dir='ltr'><strong>certaque</strong></span> <span class='ocrx_word' id='word_1_287' title='bbox 1274 3369 1336 3412; x_wconf 86' lang='lat' dir='ltr'><strong>esse</strong></span> <span class='ocrx_word' id='word_1_288' title='bbox 1349 3346 1470 3436; x_wconf 80' lang='lat' dir='ltr'><strong>fiducia</strong></span> <span class='ocrx_word' id='word_1_289' title='bbox 1482 3353 1559 3428; x_wconf 85' lang='lat' dir='ltr'><strong>pot-</strong></span> 
     </span>
     <span class='ocr_line' id='line_1_31' title="bbox 300 3447 1557 3535; baseline -0.003 -21"><span class='ocrx_word' id='word_1_290' title='bbox 300 3457 345 3514; x_wconf 85' lang='lat' dir='ltr'><strong>est</strong></span> <span class='ocrx_word' id='word_1_291' title='bbox 363 3448 444 3532; x_wconf 73' lang='lat' dir='ltr'><strong>fere,</strong></span> <span class='ocrx_word' id='word_1_292' title='bbox 465 3458 498 3511; x_wconf 95' lang='lat' dir='ltr'><strong>ut</strong></span> <span class='ocrx_word' id='word_1_293' title='bbox 518 3448 653 3535; x_wconf 85' lang='lat' dir='ltr'><strong>undique</strong></span> <span class='ocrx_word' id='word_1_294' title='bbox 673 3447 780 3512; x_wconf 90' lang='lat' dir='ltr'><strong>citiosc</strong></span> <span class='ocrx_word' id='word_1_295' title='bbox 797 3469 868 3512; x_wconf 79' lang='lat' dir='ltr'><strong>cauo</strong></span> <span class='ocrx_word' id='word_1_296' title='bbox 882 3449 1010 3514; x_wconf 82' lang='lat' dir='ltr'><strong>cecidet.</strong></span> <span class='ocrx_word' id='word_1_297' title='bbox 1042 3451 1092 3514; x_wconf 88' lang='lat' dir='ltr'><strong>Ita</strong></span> <span class='ocrx_word' id='word_1_298' title='bbox 1106 3449 1242 3514; x_wconf 84' lang='lat' dir='ltr'><strong>scribunt</strong></span> <span class='ocrx_word' id='word_1_299' title='bbox 1255 3450 1373 3528; x_wconf 83' lang='lat' dir='ltr'><strong>Targa,</strong></span> <span class='ocrx_word' id='word_1_300' title='bbox 1395 3447 1557 3522; x_wconf 65' lang='lat' dir='ltr'><strong>Dareum,</strong></span> 
     </span>
     <span class='ocr_line' id='line_1_32' title="bbox 302 3545 1354 3632; baseline -0.003 -19"><span class='ocrx_word' id='word_1_301' title='bbox 302 3550 387 3614; x_wconf 87' lang='lat' dir='ltr'><strong>codd.</strong></span> <span class='ocrx_word' id='word_1_302' title='bbox 408 3550 521 3628; x_wconf 88' lang='lat' dir='ltr'><strong>secuti;</strong></span> <span class='ocrx_word' id='word_1_303' title='bbox 542 3561 623 3614; x_wconf 88' lang='lat' dir='ltr'><strong>recte</strong></span> <span class='ocrx_word' id='word_1_304' title='bbox 645 3559 744 3614; x_wconf 85' lang='lat' dir='ltr'><strong>tarncn</strong></span> <span class='ocrx_word' id='word_1_305' title='bbox 767 3559 839 3632; x_wconf 90' lang='lat' dir='ltr'><strong>puto</strong></span> <span class='ocrx_word' id='word_1_306' title='bbox 861 3550 939 3614; x_wconf 89' lang='lat' dir='ltr'><strong>Ritt.</strong></span> <span class='ocrx_word' id='word_1_307' title='bbox 962 3570 1015 3632; x_wconf 91' lang='lat' dir='ltr'><strong>pro</strong></span> <span class='ocrx_word' id='word_1_308' title='bbox 1035 3548 1100 3626; x_wconf 81' lang='lat' dir='ltr'><strong>fere</strong></span> <span class='ocrx_word' id='word_1_309' title='bbox 1121 3550 1257 3631; x_wconf 86' lang='lat' dir='ltr'><strong>posuisse</strong></span> <span class='ocrx_word' id='word_1_310' title='bbox 1270 3545 1354 3632; x_wconf 77' lang='lat' dir='ltr'><strong>fore.</strong></span> 
     </span>
    </p>

    <p class='ocr_par' dir='ltr' id='par_1_6' title="bbox 301 3646 1559 4036">
     <span class='ocr_line' id='line_1_33' title="bbox 389 3646 1558 3736; baseline -0.001 -25"><span class='ocrx_word' id='word_1_311' title='bbox 389 3646 526 3736; x_wconf 88' lang='lat' dir='ltr'><strong>Utique</strong></span> <span class='ocrx_word' id='word_1_312' title='bbox 554 3651 635 3732; x_wconf 89' lang='lat' dir='ltr'><strong>apud</strong></span> <span class='ocrx_word' id='word_1_313' title='bbox 656 3660 772 3716; x_wconf 87' lang='lat' dir='ltr'><strong>veteres</strong></span> <span class='ocrx_word' id='word_1_314' title='bbox 793 3651 953 3734; x_wconf 87' lang='lat' dir='ltr'><strong>scriptores</strong></span> <span class='ocrx_word' id='word_1_315' title='bbox 974 3669 1043 3714; x_wconf 88' lang='lat' dir='ltr'><strong>raro</strong></span> <span class='ocrx_word' id='word_1_316' title='bbox 1065 3651 1135 3732; x_wconf 89' lang='lat' dir='ltr'><strong>poni</strong></span> <span class='ocrx_word' id='word_1_317' title='bbox 1156 3649 1187 3712; x_wconf 94' lang='lat' dir='ltr'><strong>iu</strong></span> <span class='ocrx_word' id='word_1_318' title='bbox 1209 3648 1358 3728; x_wconf 80' lang='lat' dir='ltr'><strong>negativis</strong></span> <span class='ocrx_word' id='word_1_319' title='bbox 1379 3647 1558 3723; x_wconf 88' lang='lat' dir='ltr'><strong>sententiis,</strong></span> 
     </span>
     <span class='ocr_line' id='line_1_34' title="bbox 302 3745 1559 3833; baseline -0.002 -19"><span class='ocrx_word' id='word_1_320' title='bbox 302 3750 334 3814; x_wconf 92' lang='lat' dir='ltr'><strong>iu</strong></span> <span class='ocrx_word' id='word_1_321' title='bbox 355 3749 459 3814; x_wconf 83' lang='lat' dir='ltr'><strong>lexicis</strong></span> <span class='ocrx_word' id='word_1_322' title='bbox 479 3759 653 3815; x_wconf 86' lang='lat' dir='ltr'><strong>annotatur.</strong></span> <span class='ocrx_word' id='word_1_323' title='bbox 699 3751 792 3833; x_wconf 87' lang='lat' dir='ltr'><strong>Apud</strong></span> <span class='ocrx_word' id='word_1_324' title='bbox 815 3751 936 3816; x_wconf 82' lang='lat' dir='ltr'><strong>Celsum</strong></span> <span class='ocrx_word' id='word_1_325' title='bbox 965 3751 1010 3815; x_wconf 88' lang='lat' dir='ltr'><strong>ita</strong></span> <span class='ocrx_word' id='word_1_326' title='bbox 1030 3751 1162 3832; x_wconf 90' lang='lat' dir='ltr'><strong>positum</strong></span> <span class='ocrx_word' id='word_1_327' title='bbox 1183 3757 1231 3813; x_wconf 87' lang='lat' dir='ltr'><strong>est</strong></span> <span class='ocrx_word' id='word_1_328' title='bbox 1256 3749 1289 3823; x_wconf 89' lang='lat'><strong>1,</strong></span> <span class='ocrx_word' id='word_1_329' title='bbox 1309 3745 1471 3833; x_wconf 15' lang='lat' dir='ltr'><strong>8UNeque</strong></span> <span class='ocrx_word' id='word_1_330' title='bbox 1487 3768 1559 3812; x_wconf 82' lang='lat' dir='ltr'><strong>ese·</strong></span> 
     </span>
     <span class='ocr_line' id='line_1_35' title="bbox 301 3847 1556 3936; baseline -0.004 -21"><span class='ocrx_word' id='word_1_331' title='bbox 301 3851 435 3915; x_wconf 79' lang='lat' dir='ltr'><strong>densium</strong></span> <span class='ocrx_word' id='word_1_332' title='bbox 455 3852 560 3936; x_wconf 87' lang='lat' dir='ltr'><strong>utique</strong></span> <span class='ocrx_word' id='word_1_333' title='bbox 579 3852 691 3916; x_wconf 79' lang='lat' dir='ltr'><strong>uostris</strong></span> <span class='ocrx_word' id='word_1_334' title='bbox 710 3861 762 3916; x_wconf 89' lang='lat' dir='ltr'><strong>est.</strong></span> <span class='ocrx_word' id='word_1_335' title='bbox 794 3853 860 3928; x_wconf 90' lang='grc' dir='ltr'>ΙΙΙ,</span> <span class='ocrx_word' id='word_1_336' title='bbox 883 3853 898 3914; x_wconf 98' lang='lat' dir='ltr'><strong>l</strong></span> <span class='ocrx_word' id='word_1_337' title='bbox 922 3851 962 3914; x_wconf 92' lang='lat' dir='ltr'><strong>in.</strong></span> <span class='ocrx_word' id='word_1_338' title='bbox 991 3852 1056 3928; x_wconf 89' lang='lat' dir='ltr'><strong>III,</strong></span> <span class='ocrx_word' id='word_1_339' title='bbox 1077 3847 1108 3926; x_wconf 81' lang='grc'><strong>7,</strong></span> <span class='ocrx_word' id='word_1_340' title='bbox 1129 3853 1149 3912; x_wconf 83' lang='grc'><strong>2</strong></span> <span class='ocrx_word' id='word_1_341' title='bbox 1170 3871 1200 3932; x_wconf 94' lang='lat' dir='ltr'><strong>p.</strong></span> <span class='ocrx_word' id='word_1_342' title='bbox 1222 3849 1280 3925; x_wconf 88' lang='grc'><strong>89,</strong></span> <span class='ocrx_word' id='word_1_343' title='bbox 1302 3848 1351 3914; x_wconf 83' lang='grc'><strong>26.</strong></span> <span class='ocrx_word' id='word_1_344' title='bbox 1376 3850 1444 3926; x_wconf 90' lang='grc' dir='ltr'><strong>ΠΙ,</strong></span> <span class='ocrx_word' id='word_1_345' title='bbox 1467 3847 1506 3912; x_wconf 94' lang='grc'><strong>18</strong></span> <span class='ocrx_word' id='word_1_346' title='bbox 1526 3869 1556 3930; x_wconf 94' lang='lat' dir='ltr'><strong>p.</strong></span> 
     </span>
     <span class='ocr_line' id='line_1_36' title="bbox 305 3947 1052 4036; baseline 0 -22"><span class='ocrx_word' id='word_1_347' title='bbox 305 3953 374 4028; x_wconf 92' lang='grc'>101,</span> <span class='ocrx_word' id='word_1_348' title='bbox 394 3952 425 4015; x_wconf 92' lang='grc'><strong>8.</strong></span> <span class='ocrx_word' id='word_1_349' title='bbox 450 3953 528 4026; x_wconf 88' lang='lat' dir='ltr'><strong>Vll,</strong></span> <span class='ocrx_word' id='word_1_350' title='bbox 550 3947 581 4027; x_wconf 79' lang='lat'><strong>7,</strong></span> <span class='ocrx_word' id='word_1_351' title='bbox 602 3953 622 4014; x_wconf 88' lang='grc'>3</span> <span class='ocrx_word' id='word_1_352' title='bbox 643 3952 685 4014; x_wconf 91' lang='lat' dir='ltr'><strong>in.</strong></span> <span class='ocrx_word' id='word_1_353' title='bbox 714 3953 811 4028; x_wconf 89' lang='lat' dir='ltr'><strong>VIII,</strong></span> <span class='ocrx_word' id='word_1_354' title='bbox 832 3955 854 4018; x_wconf 84' lang='lat'><strong>4</strong></span> <span class='ocrx_word' id='word_1_355' title='bbox 874 3973 904 4036; x_wconf 98' lang='lat' dir='ltr'><strong>p.</strong></span> <span class='ocrx_word' id='word_1_356' title='bbox 926 3952 1002 4027; x_wconf 86' lang='lat'><strong>334,</strong></span> <span class='ocrx_word' id='word_1_357' title='bbox 1023 3953 1052 4015; x_wconf 90' lang='lat'><strong>4.</strong></span> 
     </span>
    </p>
   </div>
   <div class='ocr_carea' id='block_1_3' title="bbox 302 4034 1559 4346">
    <p class='ocr_par' dir='ltr' id='par_1_7' title="bbox 302 4034 1559 4346">
     <span class='ocr_line' id='line_1_37' title="bbox 386 4034 1557 4134; baseline -0.005 -18"><span class='ocrx_word' id='word_1_358' title='bbox 386 4053 433 4116; x_wconf 92' lang='lat' dir='ltr'><strong>De</strong></span> <span class='ocrx_word' id='word_1_359' title='bbox 465 4053 661 4118; x_wconf 84' lang='lat' dir='ltr'><strong>collocatione</strong></span> <span class='ocrx_word' id='word_1_360' title='bbox 695 4054 903 4118; x_wconf 89' lang='lat' dir='ltr'><strong>adverbiorum</strong></span> <span class='ocrx_word' id='word_1_361' title='bbox 935 4062 968 4116; x_wconf 92' lang='lat' dir='ltr'><strong>et</strong></span> <span class='ocrx_word' id='word_1_362' title='bbox 994 4034 1238 4134; x_wconf 77' lang='lat' dir='ltr'><strong>conjunctiorinm</strong></span> <span class='ocrx_word' id='word_1_363' title='bbox 1264 4052 1470 4116; x_wconf 88' lang='lat' dir='ltr'><strong>annotandum</strong></span> <span class='ocrx_word' id='word_1_364' title='bbox 1492 4055 1557 4122; x_wconf 88' lang='lat' dir='ltr'><strong>est,</strong></span> 
     </span>
     <span class='ocr_line' id='line_1_38' title="bbox 302 4152 1557 4242; baseline -0.004 -26"><span class='ocrx_word' id='word_1_365' title='bbox 302 4155 384 4235; x_wconf 90' lang='lat' dir='ltr'><strong>apud</strong></span> <span class='ocrx_word' id='word_1_366' title='bbox 412 4152 535 4217; x_wconf 77' lang='lat' dir='ltr'><strong>Celsum</strong></span> <span class='ocrx_word' id='word_1_367' title='bbox 564 4162 642 4234; x_wconf 89' lang='lat' dir='ltr'><strong>part.</strong></span> <span class='ocrx_word' id='word_1_368' title='bbox 663 4153 759 4236; x_wconf 84' lang='lat' dir='ltr'><strong>ipitus·</strong></span> <span class='ocrx_word' id='word_1_369' title='bbox 791 4154 884 4218; x_wconf 90' lang='lat' dir='ltr'><strong>multo</strong></span> <span class='ocrx_word' id='word_1_370' title='bbox 911 4153 1021 4234; x_wconf 77' lang='lat' dir='ltr'><strong>sapius</strong></span> <span class='ocrx_word' id='word_1_371' title='bbox 1047 4153 1132 4216; x_wconf 89' lang='lat' dir='ltr'><strong>initio</strong></span> <span class='ocrx_word' id='word_1_372' title='bbox 1162 4155 1320 4242; x_wconf 67' lang='lat' dir='ltr'><strong>saptentiae</strong></span> <span class='ocrx_word' id='word_1_373' title='bbox 1347 4152 1435 4234; x_wconf 91' lang='lat' dir='ltr'><strong>poni,</strong></span> <span class='ocrx_word' id='word_1_374' title='bbox 1467 4169 1557 4232; x_wconf 88' lang='lat' dir='ltr'><strong>quam</strong></span> 
     </span>
     <span class='ocr_line' id='line_1_39' title="bbox 302 4248 1559 4346; baseline -0.004 -30"><span class='ocrx_word' id='word_1_375' title='bbox 302 4264 373 4335; x_wconf 91' lang='lat' dir='ltr'><strong>pcst</strong></span> <span class='ocrx_word' id='word_1_376' title='bbox 398 4273 492 4318; x_wconf 91' lang='lat' dir='ltr'><strong>unum</strong></span> <span class='ocrx_word' id='word_1_377' title='bbox 522 4255 570 4317; x_wconf 88' lang='lat' dir='ltr'><strong>val</strong></span> <span class='ocrx_word' id='word_1_378' title='bbox 597 4255 656 4316; x_wconf 91' lang='lat' dir='ltr'><strong>dno</strong></span> <span class='ocrx_word' id='word_1_379' title='bbox 683 4255 774 4320; x_wconf 87' lang='lat' dir='ltr'><strong>verbs</strong></span> <span class='ocrx_word' id='word_1_380' title='bbox 799 4253 956 4346; x_wconf 83' lang='lat' dir='ltr'><strong>praemissa</strong></span> <span class='ocrx_word' id='word_1_381' title='bbox 966 4248 1007 4340; x_wconf 86' lang='lat'><strong>²).</strong></span> <span class='ocrx_word' id='word_1_382' title='bbox 1050 4253 1165 4318; x_wconf 90' lang='lat' dir='ltr'><strong>Contra</strong></span> <span class='ocrx_word' id='word_1_383' title='bbox 1185 4265 1265 4337; x_wconf 86' lang='lat' dir='ltr'><strong>part.</strong></span> <span class='ocrx_word' id='word_1_384' title='bbox 1286 4255 1388 4338; x_wconf 89' lang='lat' dir='ltr'><strong>itaque</strong></span> <span class='ocrx_word' id='word_1_385' title='bbox 1409 4251 1559 4315; x_wconf 89' lang='lat' dir='ltr'><strong>nonnullis</strong></span> 
     </span>
    </p>
   </div>
   <div class='ocr_carea' id='block_1_4' title="bbox 253 4486 1386 4648">
    <p class='ocr_par' dir='ltr' id='par_1_8' title="bbox 253 4486 1386 4648">
     <span class='ocr_line' id='line_1_40' title="bbox 352 4486 1174 4564; baseline -0.001 -18"><span class='ocrx_word' id='word_1_386' title='bbox 352 4486 372 4559; x_wconf 88' lang='lat'><strong>¹)</strong></span> <span class='ocrx_word' id='word_1_387' title='bbox 396 4489 506 4546; x_wconf 85' lang='lat' dir='ltr'><strong>’&#39;Ucber</strong></span> <span class='ocrx_word' id='word_1_388' title='bbox 528 4488 636 4561; x_wconf 80' lang='lat' dir='ltr'><strong>Syubax</strong></span> <span class='ocrx_word' id='word_1_389' title='bbox 657 4489 715 4544; x_wconf 88' lang='lat' dir='ltr'><strong>und</strong></span> <span class='ocrx_word' id='word_1_390' title='bbox 734 4489 791 4564; x_wconf 37' lang='lat' dir='ltr'><strong>‚Stil</strong></span> <span class='ocrx_word' id='word_1_391' title='bbox 814 4491 861 4544; x_wconf 87' lang='lat' dir='ltr'><strong>dos</strong></span> <span class='ocrx_word' id='word_1_392' title='bbox 882 4487 1016 4545; x_wconf 73' lang='lat' dir='ltr'><strong>&#39;Tacitus&#39;&#39;</strong></span> <span class='ocrx_word' id='word_1_393' title='bbox 1039 4507 1107 4562; x_wconf 82' lang='lat' dir='ltr'><strong>pag.</strong></span> <span class='ocrx_word' id='word_1_394' title='bbox 1125 4491 1174 4547; x_wconf 87' lang='lat'><strong>59.</strong></span> 
     </span>
     <span class='ocr_line' id='line_1_41' title="bbox 253 4571 1386 4648; baseline -0.004 -14"><span class='ocrx_word' id='word_1_395' title='bbox 253 4573 260 4604; x_wconf 63' lang='lat'>³</span> <span class='ocrx_word' id='word_1_396' title='bbox 347 4571 372 4646; x_wconf 86' lang='lat'><strong>²)</strong></span> <span class='ocrx_word' id='word_1_397' title='bbox 393 4575 440 4632; x_wconf 80' lang='lat' dir='ltr'><strong>Cir</strong></span> <span class='ocrx_word' id='word_1_398' title='bbox 461 4577 553 4634; x_wconf 89' lang='lat' dir='ltr'><strong>Haud.</strong></span> <span class='ocrx_word' id='word_1_399' title='bbox 576 4593 598 4632; x_wconf 89' lang='lat' dir='ltr'><strong>s.</strong></span> <span class='ocrx_word' id='word_1_400' title='bbox 622 4595 650 4632; x_wconf 87' lang='lat' dir='ltr'><strong>v.</strong></span> <span class='ocrx_word' id='word_1_401' title='bbox 673 4593 739 4648; x_wconf 79' lang='lat' dir='ltr'><strong>pag.</strong></span> <span class='ocrx_word' id='word_1_402' title='bbox 760 4579 832 4634; x_wconf 79' lang='grc'><strong>197.</strong></span> <span class='ocrx_word' id='word_1_403' title='bbox 870 4575 1016 4648; x_wconf 79' lang='lat' dir='ltr'><strong>Spalding.</strong></span> <span class='ocrx_word' id='word_1_404' title='bbox 1040 4577 1078 4632; x_wconf 88' lang='lat' dir='ltr'><strong>ad</strong></span> <span class='ocrx_word' id='word_1_405' title='bbox 1099 4577 1195 4646; x_wconf 81' lang='lat' dir='ltr'><strong>Quint.</strong></span> <span class='ocrx_word' id='word_1_406' title='bbox 1222 4575 1249 4642; x_wconf 91' lang='lat'><strong>1,</strong></span> <span class='ocrx_word' id='word_1_407' title='bbox 1274 4575 1310 4642; x_wconf 84' lang='lat'><strong>5,</strong></span> <span class='ocrx_word' id='word_1_408' title='bbox 1335 4572 1386 4632; x_wconf 80' lang='lat'><strong>39.</strong></span> 
     </span>
    </p>
   </div>
   <div class='ocr_carea' id='block_1_5' title="bbox 0 0 1738 5310">
    <p class='ocr_par' dir='ltr' id='par_1_9' title="bbox 0 0 1738 5310">
     <span class='ocr_line' id='line_1_42' title="bbox 0 0 1738 5310; baseline 0 0"><span class='ocrx_word' id='word_1_409' title='bbox 0 0 1738 5310; x_wconf 95' lang='lat' dir='ltr'><strong> </strong></span> 
     </span>
    </p>
   </div>
  </div>
 </body>
</html>
