3450 5310
327 431 368 486 40
852 429 884 488 o.
905 429 940 488 Ι.
963 429 1073 488 natan.
1681 403 1689 549 1

325 623 388 688 qua
407 602 487 668 uenit
507 598 643 686 (sapido)
669 599 843 687 recipiendo
864 611 924 680 eet,
947 601 1160 688 proripuitque
1187 597 1262 688 quio
1283 597 1349 682 fere
1370 597 1496 684 epicedio
1515 599 1579 662 aia·
1681 622 1689 686 2

324 703 417 790 pitter.
461 703 552 786 Apud
574 701 750 766 Oieeronern
772 703 924 768 invenitur
940 705 1097 790 precipue
1117 703 1200 788 quod
1224 702 1313 766 Verr.
1335 703 1373 778 4,
1396 695 1449 776 37,
1469 699 1520 762 81.
1688 701 1689 714 ’

409 805 495 868 Part.
512 801 699 889 protinus
727 812 762 866 ut
789 805 869 886 apud
894 803 1000 876 Quint.
1021 813 1055 867 et
1073 803 1153 868 Plin.
1176 803 1261 884 maj„
1289 803 1334 866 itu
1356 801 1439 884 apud
1461 799 1579 864 Geinum

326 905 565 986 frequentissima
587 901 681 987 est1).
724 903 895 986 Supissima
922 905 1033 970 dieitur
1055 905 1199 992 protiuue
1220 903 1324 979 initio,
1346 923 1401 989 pr.
1423 901 1503 966 inter
1522 901 1581 964 ini·

325 1007 394 1088 tin,
412 1006 491 1070 inter
506 1002 665 1090 principio
681 1023 750 1090 pn,
778 1005 862 1070 velut
889 1007 952 1080 ΙΙΙ,
974 1008 995 1068 2
1016 1005 1056 1070 in.
1099 1003 1247 1069 Ρνοιίηυε
1274 1013 1375 1068 autem
1396 1001 1476 1065 inter
1496 999 1580 1064 initia

325 1107 402 1170 noire
412 1100 513 1199 sueiie
533 1111 593 1180 eei,
614 1103 685 1188 quis
704 1116 809 1168 neuma
829 1105 965 1182 moritu,
986 1106 1056 1192 quis
1076 1103 1183 1190 leoque
1203 1105 1252 1168 eit.
1290 1104 1379 1188 Saepe
1402 1103 1495 1166 etiam
1510 1120 1580 1166 aon·

322 1207 458 1290 jungitur
478 1225 545 1271 oum
567 1203 606 1268 at
626 1207 851 1288 propositione,
874 1209 957 1270 velut
977 1208 1036 1282 111,
1058 1205 1078 1271 9
1100 1207 1150 1270 fin.
1185 1203 1296 1292 Neque
1317 1205 1387 1269 ideo
1408 1213 1509 1267 umen
1523 1221 1580 1264 non

326 1315 369 1372 eet
389 1307 550 1372 amanto
576 1306 636 1368 ieta
656 1307 822 1382 medicina,
849 1307 923 1394 qnia
941 1305 1059 1393 plures,
1087 1307 1117 1372 si
1130 1307 1276 1392 protinus
1301 1327 1321 1369 n
1337 1303 1510 1392 principiis
1530 1323 1581 1368 ee·

325 1407 418 1494 oepit,
445 1407 598 1472 interim
620 1407 683 1481 III,
705 1405 725 1470 5
746 1428 775 1491 p.
796 1407 853 1485 84,
878 1409 931 1472 14..
969 1405 1042 1488 Quo
1063 1429 1114 1473 res
1134 1407 1241 1496 efficit,
1267 1416 1302 1470 ut
1322 1416 1350 1472 et
1371 1405 1515 1492 apriano
1535 1402 1581 1466 die

323 1509 465 1594 potinus
495 1507 579 1572 eidus
612 1506 685 1570 dari
708 1507 842 1592 quotidie
869 1508 982 1575 debeat.
1024 1510 1132 1592 Neque
1160 1528 1231 1572 vero
1259 1509 1296 1571 de
1322 1517 1462 1590 tempora
1488 1504 1579 1568 solnm

326 1610 390 1674 haeo
411 1609 561 1692 partionia
581 1617 759 1690 usurpatur,
780 1611 834 1673 sed
856 1611 948 1674 etiam
970 1609 1115 1691 adjuncta
1137 1611 1296 1691 negatione
1317 1608 1442 1692 ponitur
1462 1606 1492 1668 in
1511 1624 1581 1668 aon-

326 1709 487 1776 oindendo:
508 1709 525 1774 1
544 1728 676 1792 prooem.
699 1729 727 1792 p.
745 1711 785 1773 10
805 1712 856 1776 fin.
899 1710 1007 1796 Neque
1028 1712 1124 1786 enim,
1145 1711 1174 1774 si
1194 1713 1345 1796 quianon
1366 1707 1472 1772 omnio
1492 1712 1580 1778 urea,

328 1833 396 1896 quoe
422 1809 582 1876 rationalia
610 1808 689 1872 aliua
713 1810 840 1896 probeu,
867 1813 1011 1896 protinus
1036 1809 1097 1874 olio
1125 1831 1200 1874 nono
1221 1811 1342 1876 nomine
1363 1809 1441 1872 ortis
1462 1807 1580 1890 indiqet.

327 1913 373 1987 11,
394 1909 414 1976 6
435 1931 466 1994 p.
488 1907 606 1986 38,,17
627 1931 679 1974 nea
695 1911 839 1996 protinus
860 1911 974 1993 crimen
996 1911 1170 1988 antioona,
1191 1911 1317 1996 siquod
1333 1907 1524 1996 professoria
1536 1906 1580 1968 sit.

326 2013 374 2087 ΙΙ,
398 2013 436 2076 10
458 2033 487 2094 p.
510 2013 573 2087 52,
594 2013 636 2074 22
678 2009 752 2076 Noa
773 2013 924 2099 quidquid
944 2023 1045 2077 auum
1066 2012 1259 2077 intentionem
1280 2012 1378 2076 anian
1397 2021 1426 2076 et
1443 2007 1579 2096 pruden-

283 2137 284 2140 ’
326 2115 401 2176 tium
420 2112 529 2198 eoiqit,
546 2113 688 2198 motinus
709 2111 889 2198 ejiciendum
909 2124 961 2179 eet.
983 2116 1030 2191 ΙΙ,
1051 2113 1092 2178 25
1114 2115 1165 2178 fin.
1200 2111 1256 2181 Eu
1276 2111 1324 2176 irie
1344 2122 1445 2176 autem
1459 2105 1581 2192 intellipi

321 2223 435 2300 potent,
463 2233 524 2276 uon
551 2212 702 2298 quidquid
729 2213 800 2277 boni
820 2213 901 2279 euooi
921 2225 979 2291 est,
1001 2215 1143 2300 protinus
1164 2213 1315 2280 eumatio
1335 2209 1507 2285 eonomine,
1532 2227 1580 2272 ne-

327 2335 384 2401 quo
405 2313 560 2401 quidquid
585 2311 736 2378 suniario
762 2315 912 2392 convenit,
936 2317 1080 2402 protinus
1101 2314 1172 2380 boni
1192 2316 1275 2380 aunei
1295 2333 1367 2380 esee.
1401 2314 1458 2378 Gir
1479 2311 1542 2385 111,
1562 2303 1581 2368 6
1684 2300 1687 2363 !

326 2435 358 2498 p.
379 2415 441 2490 86,
464 2415 513 2479 13.
554 2415 604 2478 Ita
626 2413 833 2486 Quintilianus
855 2436 971 2500 qnoque
993 2417 1051 2482 hoe
1073 2417 1165 2480 verbo
1187 2437 1260 2482 usus
1281 2423 1336 2479 eat.
1685 2485 1686 2506 ,

410 2513 531 2580 Prout
552 2549 592 2564 -·
612 2515 683 2592 ita,
715 2535 805 2599 qnam
827 2518 1067 2598 conjunctionem
1095 2520 1272 2600 soriptnrnnr
1305 2513 1457 2578 inferioris
1485 2508 1580 2575 aetntis
1685 2519 1686 2522 ’

326 2635 392 2680 assa
423 2615 497 2682 diait
522 2616 678 2689 Handius,
709 2617 790 2698 apud
816 2617 936 2682 Celsum
964 2629 1012 2682 est
1044 2639 1104 2682 uno
1133 2619 1212 2682 loon:
1244 2617 1301 2692 IV,
1326 2617 1361 2679 ll
1393 2635 1424 2698 p.
1448 2612 1522 2689 134,
1545 2610 1581 2673 12
1624 2657 1627 2662 2

324 2726 420 2806 prout
440 2717 523 2782 sedeo
543 2718 612 2802 apua
633 2727 691 2794 eat,
719 2717 763 2782 ito
783 2721 871 2781 naria
892 2727 920 2783 et
936 2717 1109 2804 peuieuioaa
1127 2739 1238 2806 qenero
1258 2715 1436 2782 morborum
1456 2720 1533 2778 eunt.

411 2814 604 2896 Qualiter,
642 2836 709 2901 qnae
742 2839 802 2882 vox
828 2829 984 2901 poetaram
1013 2828 1061 2882 est
1092 2830 1123 2884 at
1147 2820 1344 2902 posteriorum
1372 2817 1495 2898 scripu,
1525 2829 1579 2876 uno
1684 2880 1687 2893 ¹

328 2917 394 2983 loun
421 2919 587 2982 iuvenitur:
614 2920 783 3002 Iprooem.
808 2940 838 3004 p.
860 2920 895 2996 4,
916 2921 953 2983 31
989 2920 1043 3007 qui
1065 2921 1157 3006 priua
1184 2918 1239 2984 ilia
1266 2919 1336 3006 ipsa
1362 2915 1493 3004 qualiter
1518 2931 1580 2978 eue-
1684 2896 1688 2963 i

327 3019 415 3085 uiant
431 3018 608 3106 perceperit.

411 3117 658 3206 Quamquam,
685 3121 868 3206 quamuis.
911 3123 957 3186 De
982 3142 1037 3186 usn
1064 3123 1217 3186 modorum
1245 3130 1315 3204 post
1342 3119 1398 3184 hus
1419 3113 1579 3202 particulas

328 3239 420 3303 snpra
447 3222 566 3286 loeutus
593 3241 657 3285 snm
686 3243 755 3305 pag.
775 3223 826 3286 32.
869 3219 1016 3302 Quamuis
1037 3223 1196 3306 participio
1218 3222 1265 3285 vei
1287 3219 1438 3303 adjectivo
1460 3212 1580 3301 apponi·

330 3323 476 3386 annotavi
497 3341 566 3404 pag.
588 3323 638 3386 35.
1331 3365 1333 3372 >

413 3417 644 3507 Quandoque
674 3424 778 3488 eadem
807 3423 1025 3506 significatione
1052 3434 1141 3508 atquo
1165 3422 1331 3510 aliquando
1359 3422 1440 3504 apud
1462 3417 1577 3486 Celsum

329 3521 394 3598 VI,
414 3521 451 3599 6,
476 3523 490 3586 Ι
517 3523 645 3586 inveniri
666 3524 771 3587 dicunt
791 3525 933 3588 Matthiae
955 3533 986 3588 ot
1007 3525 1147 3589 Klotnins
1175 3525 1243 3612 (qui
1265 3524 1370 3588 laudat
1391 3523 1483 3587 etiam
1503 3513 1579 3588 VII,
1685 3524 1687 3602 J

332 3621 372 3686 18
392 3621 474 3708 fin.);
507 3624 561 3686 sed
582 3624 740 3706 utrobique
762 3625 942 3690 recentiores
968 3626 1125 3690 lectionem
1147 3635 1313 3689 mutarunt.
1356 3623 1462 3688 Priore
1484 3625 1578 3685 autem
1685 3633 1686 3664 Ι

329 3721 410 3798 loeo,
440 3723 492 3788 nbi
513 3723 656 3788 Daremb.
679 3723 763 3812 (pag.
786 3726 863 3802 225,
884 3725 942 3811 21)
967 3727 1090 3808 scripsit
1108 3726 1376 3816 quandocumque,
1404 3722 1485 3806 apud
1505 3717 1577 3782 Ritt
1684 3755 1685 3758 κ

329 3831 362 3888 at
381 3826 512 3906 Tangam
533 3824 684 3890 invenitur
704 3825 885 3912 quaudoque
905 3827 1035 3890 relativa
1056 3827 1287 3908 significatione:
1309 3823 1498 3910 Quandoque
1504 3813 1579 3906 piu·

330 3933 381 3988 tur
408 3923 602 4010 (lippitudo),
633 3925 748 4011 pituita
773 3924 843 3990 atta
875 3935 904 3991 et
934 3925 1033 3992 aeoliis
1060 3948 1126 3994 esee
1156 3927 1282 4014 inoipit3
1313 3945 1400 4009 qnam
1422 3940 1524 3996 nsum,
1548 3922 1579 3978 ui
1687 3923 1688 3932 ’

330 4026 410 4108 apud
438 4025 614 4090 Ciceronem
642 4045 700 4089 non
726 4027 783 4102 sit,
815 4027 859 4092 ita
887 4029 966 4110 apud
993 4038 1101 4112 poetas
1129 4038 1160 4094 et
1187 4029 1366 4112 posteriores
1393 4025 1497 4107 soript.
1523 4019 1578 4082 ire·

331 4127 489 4209 quantari,
510 4126 682 4208 Madvigius
703 4125 856 4215 uocatu).

413 4223 567 4312 Quippe
600 4229 679 4310 apud
708 4227 831 4294 Geinum
857 4249 1005 4313 nusquam
1034 4231 1193 4295 invenitur.
1235 4231 1297 4296 Ubi
1326 4225 1440 4310 mijore
1468 4223 1579 4286 viefui

330 4328 481 4392 efferenda
501 4329 655 4392 sententia
675 4329 821 4407 causalis,
849 4332 888 4394 ad
909 4352 1004 4416 quum
1025 4333 1166 4416 apposuit
1182 4332 1355 4420 maeotim
1381 4329 1478 4394 tribus
1498 4317 1577 4386 lonis:

379 4555 400 4632 ¹)
421 4558 468 4617 Gir
489 4559 583 4619 Hand.
606 4579 628 4618 s.
651 4579 679 4618 v.
702 4577 769 4635 pag.
787 4559 860 4620 623.

376 4639 402 4722 ²)
423 4645 468 4704 Au
487 4644 545 4706 Oio.
566 4647 628 4708 uin.
650 4665 757 4708 exam
779 4647 829 4719 VI,
851 4665 918 4724 pag.
935 4647 1008 4709 833.
