3450 5310
795 399 826 457 (i.
849 401 883 457 A.
905 400 1015 456 Broldn.

672 631 722 712 lle
744 631 951 732 sententies
973 632 1126 714 ratione.

354 809 426 873 Jam
449 809 540 874 adid
563 829 610 871 me
633 805 766 884 confero,
787 818 822 871 ut
843 809 961 892 qualem
983 809 1013 871 in
1035 809 1205 892 syntectica
1226 807 1343 872 ratione
1365 805 1471 870 Celsus
1492 825 1524 867 se

270 910 459 994 praestiterit,
492 909 594 992 paucis
627 911 793 972 ostendam.
837 908 938 980 Quum
964 919 1065 972 cutem
1095 910 1215 972 omnino
1238 919 1373 970 veterum
1395 907 1526 988 scripto-

270 1031 335 1074 rum
358 1011 388 1074 in
410 1011 468 1074 hac
490 1031 522 1072 re
544 1011 788 1073 consuetudinem
811 1020 932 1072 secutus
954 1011 1008 1084 sit,
1030 1031 1066 1073 es
1087 1009 1182 1073 solum
1198 1010 1341 1084 afferam,
1363 1027 1429 1091 quae
1445 1007 1525 1089 apud

270 1131 337 1175 eum
360 1111 461 1174 inveni
482 1113 521 1174 sb
543 1111 659 1174 illorum
682 1111 797 1174 rationo
819 1111 1023 1194 discrepantia
1044 1121 1098 1174 sut
1119 1119 1200 1174 certe
1215 1109 1272 1173 illis
1288 1109 1385 1173 minus
1401 1109 1525 1171 usitata.

805 1305 847 1372 oe
871 1304 1007 1372 casibus.

364 1429 464 1500 Geni
470 1434 568 1498 tirus
600 1429 770 1516 objections,
814 1431 864 1514 qui
895 1441 1037 1508 vocatur,
1072 1433 1162 1496 verbo
1200 1429 1313 1496 ausilii
1349 1429 1525 1512 apponitur:

271 1537 440 1618 Iprooem.
461 1535 501 1598 in.
527 1529 678 1595 corilione
709 1531 868 1596 vulnerum
898 1531 1131 1617 morborumque
1152 1569 1210 1610 -‚
1241 1529 1359 1596 ancilia
1393 1529 1527 1596 adversae

270 1635 459 1700 suetudinis.
481 1636 539 1711 IV,
561 1633 601 1696 25
623 1633 674 1697 fin.
697 1632 860 1697 torminum
881 1633 1007 1698 cosilio.
1052 1633 1146 1714 Cujus
1168 1654 1240 1698 usus
1254 1651 1358 1716 'quum
1390 1621 1528 1713 exemplu

271 1739 350 1820 apud
372 1738 520 1800 neminem
543 1743 650 1818 praeter
671 1735 790 1798 Celsum
811 1735 986 1816 scriptorem
1008 1735 1165 1812 vidissem,
1187 1735 1244 1798 hoc
1258 1733 1445 1798 afferendum
1461 1751 1527 1794 esse

271 1840 391 1922 putavi,
412 1856 590 1920 quamquam
613 1835 749 1898 similiter
770 1836 942 1916 adjungitur
962 1855 1042 1918 seepe
1064 1837 1215 1918 genitivus
1237 1835 1338 1898 verbis
1353 1833 1529 1908 remedium,

273 1939 424 2016 studium,
446 1939 522 2002 aliis.

353 2037 518 2103 Dacicus
539 2037 700 2120 apponitur
721 2037 769 2100 his
792 2035 889 2098 verbis
910 2035 1113 2118 simplicibus,
1145 2037 1252 2120 quibus
1282 2043 1398 2100 veteres
1419 2033 1527 2098 solotae

272 2141 415 2204 orationis
436 2141 597 2222 scriptores
620 2139 696 2201 alias
718 2147 886 2202 structuras
906 2138 1086 2220 subjungere
1107 2139 1219 2202 solent:

354 2239 480 2305 Heerere
501 2250 656 2322 poetarum
679 2259 759 2304 more
772 2239 801 2324 ¹)
830 2239 966 2302 dativum
988 2241 1080 2304 habet
1100 2240 1198 2316 VIII,
1222 2239 1237 2302 1
1258 2257 1290 2322 p.
1310 2236 1374 2324 325Ι
1393 2235 1433 2300 in.
1453 2255 1529 2320 qoo-

270 2365 341 2406 rum
363 2341 526 2425 (dentium)
543 2361 621 2426 pore
642 2339 787 2417 manile,
809 2361 888 2424 pars
908 2340 1061 2426 superiori
1081 2341 1142 2406 ossi
1162 2338 1315 2404 malorum
1335 2337 1434 2402 lueret.
1467 2335 1529 2411 VI,

275 2443 322 2520 18,
343 2442 363 2506 6
384 2443 434 2506 fin.
456 2441 485 2506 si
515 2463 553 2506 ee
584 2441 646 2504 ictu
677 2439 818 2505 testiculis
850 2439 969 2524 aliquid
1000 2439 1100 2518 lroesit3
1132 2442 1183 2506 ubi
1204 2450 1306 2504 tamen
1329 2458 1419 2522 quum
1442 2437 1528 2502 codd.

272 2545 404 2626 corrupti
425 2545 503 2617 sint,
525 2544 626 2622 Targa
647 2550 680 2604 et
700 2543 802 2605 Ritter
823 2541 960 2604 scribunt
980 2541 1067 2606 desit.

355 2641 493 2728 Junpere
526 2643 633 2724 saepius
665 2643 746 2724 apud
778 2642 896 2706 Celsum
917 2641 1053 2705 dativum
1075 2643 1170 2706 habet
1198 2662 1287 2725 quam
1309 2663 1379 2704 cem
1400 2658 1527 2724 praepos.

272 2756 417 2830 sequente
441 2744 572 2808 ablativo
579 2763 589 2819 ;
610 2743 690 2826 quod
712 2745 791 2825 apud
814 2742 987 2805 Ciceronem
1008 2763 1131 2825 prorsus
1153 2753 1259 2806 contra
1280 2755 1328 2808 est
1340 2737 1380 2826 ²).

355 2844 483 2910 Miscere
504 2843 623 2930 aliquid
640 2843 733 2908 alicui
745 2845 792 2908 rei
805 2862 885 2926 saepe
907 2843 1021 2908 dictum
1042 2853 1097 2908 est.
1139 2844 1244 2908 Etiam
1265 2867 1306 2908 m.
1329 2841 1449 2928 aliquid
1462 2862 1530 2905 eum

271 2945 376 3034 aliqua
406 2967 440 3010 re
446 2969 458 3022 ,·
484 2965 552 3008 raro
584 2967 624 3009 m.
650 2943 770 3032 aliquid
790 2943 895 3030 aliquo
915 2965 966 3021 re,
1000 2965 1065 3028 ques
1086 2953 1238 3010 structura
1260 2944 1411 3010 veteribus
1433 2941 1530 3006 usita-

271 3051 333 3113 tior
354 3055 401 3112 cst
414 3044 456 3133 ³).

356 3147 511 3214 Nonnulla
532 3167 647 3231 quoque
668 3149 761 3210 verba
782 3147 950 3228 composita
971 3147 1108 3212 dativum
1129 3147 1256 3224 habent,
1277 3147 1330 3212 ubi
1347 3155 1463 3212 veteres
1477 3164 1530 3210 so-

273 3251 344 3316 lutae
365 3249 509 3313 orationis
530 3249 690 3332 scriptores
713 3247 939 3331 prepositiones
960 3249 1061 3312 solent
1081 3268 1247 3332 apponere:
1534 3319 1537 3326 ,

355 3348 504 3414 Accedere
525 3369 592 3412 cum
614 3349 716 3412 dativo
738 3349 917 3432 saepissimo,
946 3369 1013 3414 rsro
1041 3370 1108 3414 cum
1135 3351 1177 3414 od
1205 3349 1424 3432 praepositione.
1459 3346 1531 3412 Au-

266 3449 377 3536 jioere,
398 3470 455 3534 quo
480 3451 569 3514 verbo
591 3449 697 3514 Celsus
719 3450 958 3532 frequentissime
978 3451 1090 3526 utitur,
1123 3471 1284 3534 numquam
1305 3451 1348 3514 od
1369 3451 1462 3516 habet
1483 3451 1529 3527 (eo

273 3545 583 3634 V1,6‚1p.227,
612 3550 667 3628 15;
699 3572 757 3636 quo
779 3551 836 3626 IV,
865 3549 904 3613 16
932 3571 962 3632 p.
986 3551 1045 3614 142
1067 3547 1152 3636 fin),
1184 3551 1319 3614 dativum
1352 3551 1529 3634 sepissime.

274 3651 443 3716 Admovere
478 3649 645 3734 saepissime
684 3671 750 3714 cum
789 3651 910 3728 dativo,
947 3653 999 3715 nbi
1031 3651 1088 3715 loci
1119 3651 1298 3734 significatio
1330 3662 1440 3736 operta
1472 3659 1529 3716 est.

274 3751 436 3838 Imponere
467 3752 589 3834 propria
619 3751 836 3832 significatione
868 3751 977 3834 saepius
1005 3753 1139 3816 dativum
1161 3751 1255 3840 habet
1276 3772 1363 3834 quam
1386 3753 1531 3836 praeposi-

274 3853 388 3918 tionem
419 3853 589 3936 repetitam.
641 3851 745 3918 Inesse
775 3873 835 3918 uuo
873 3853 938 3917 loco
976 3873 1043 3918 cum
1078 3853 1189 3944 dativo
1213 3853 1403 3936 conjungitur
1434 3853 1530 3932 VIII,

277 3956 326 4032 10,
348 3953 367 4017 5
389 3955 439 4018 fin.
471 3963 504 4016 ui
534 3955 603 4038 ipso
635 3975 751 4040 quoque
778 3953 955 4034 ei(careali)
977 3954 1165 4034 cessissit„
1188 3954 1277 4020 'Aliis
1299 3955 1372 4020 locis
1394 3955 1531 4019 absolute

275 4055 404 4138 ponitur,
437 4075 585 4138 nusquam
617 4075 683 4120 oum
716 4055 750 4117 ire
779 4064 921 4138 sequente
953 4056 1097 4124 ablativo.
1144 4054 1278 4143 Ireje‘cere
1297 4077 1388 4120 sensu
1410 4054 1530 4138 proprio

277 4158 371 4220 multo
402 4157 509 4240 saepius
541 4157 676 4221 dativum
708 4157 812 4221 habet.
859 4156 1007 4222 [residere
1038 4178 1199 4242 numquam
1231 4177 1299 4222 cum
1320 4157 1531 4240 praepositione

276 4258 405 4342 ponitur.

325 4441 346 4516 ¹)
368 4443 432 4500 Vid.
456 4445 551 4502 Madv.
574 4461 692 4518 gramm.
715 4460 782 4514 pag.
807 4443 867 4498 232
890 4448 950 4501 not.

321 4527 346 4601 2)
368 4532 463 4588 Madv.
486 4531 503 4600 ἕ
526 4533 587 4588 243
611 4550 677 4588 ann.
701 4533 731 4586 4.

322 4613 347 4689 ³)
368 4619 463 4676 Madv.
486 4619 503 4686 fi
525 4620 586 4674 260
609 4620 637 4676 b.
