3450 5310
549 324 590 380 De
611 324 766 380 elocutione
787 324 821 380 A.
844 323 965 413 Cornelii
986 325 1067 382 Celsi.
1394 323 1433 379 41

180 495 197 558 I
218 513 348 575 prooem.
371 515 400 576 p.
422 489 457 569 7,
480 495 533 573 183
566 497 629 573 111,
650 499 671 560 2
697 517 726 578 p.
748 491 802 573 76,
822 495 881 571 29;
914 497 995 570 VII,
1017 494 1058 558 29
1086 514 1116 576 p.
1138 487 1211 570 317,
1234 493 1290 572 153
1321 496 1437 560 duobus

179 595 255 658 locis
275 604 392 678 eripete.-
412 596 428 658 Ι
449 617 579 678 prooem.
602 599 659 673 in.,
688 599 753 673 ΙΙΙ,
778 599 791 660 l
816 617 846 679 p.
867 592 925 673 74,
947 598 996 660 21.
1044 592 1151 682 Utpote
1171 614 1231 658 uno
1252 597 1318 659 loco
1339 597 1436 678 parti-

179 696 258 778 cipio
280 697 455 776 adjunctum
477 717 559 774 esse,
580 718 673 780 supra
694 698 934 762 commemoravi.

264 792 342 876 Quo
375 797 405 858 vi
434 798 547 861 causali
573 799 692 862 videtur
720 819 778 862 non
807 800 902 862 solum
931 817 997 860 cum
1020 797 1175 878 negatione
1198 797 1349 878 usurpari,
1381 799 1435 863 sed

178 897 269 960 stiam
291 898 322 960 in
344 897 529 962 affirmativa
550 901 719 973 sententia,
748 919 834 982 quem
856 917 942 962 usum
964 918 1111 980 nusquam
1133 897 1194 960 vidi
1215 917 1436 964 commemora·

177 1007 252 1061 tum.
294 999 443 1079 Exempla
474 1019 567 1082 supra
593 1001 653 1064 vid.
679 1001 710 1063 in
738 1001 790 1075 iis,
823 1020 889 1082 quae
918 1000 954 1061 de
983 1001 1136 1062 modorum
1164 1018 1220 1062 usu
1244 999 1277 1061 in
1306 999 1436 1064 formula

178 1119 244 1181 qnae
277 1107 326 1162 est
352 1120 412 1162 non
440 1100 520 1185 qnod
540 1095 663 1166 -sed
683 1101 757 1185 quia
783 1099 935 1163 annotavi.
984 1101 1027 1163 Et
1054 1108 1155 1162 tamen
1185 1099 1323 1162 dubinre
1349 1100 1434 1178 iicet,

179 1219 219 1262 au
254 1219 308 1281 pro
339 1219 399 1284 quo
422 1201 535 1264 talibus
562 1202 636 1266 locis
664 1202 855 1264 scribendum
878 1202 920 1264 sit
940 1200 1034 1285 qnod,
1066 1219 1157 1282 quum
1179 1210 1211 1262 et
1232 1200 1353 1264 diversa
1374 1203 1434 1265 iere

176 1300 309 1364 editores
326 1301 504 1376 exhibeant,
526 1311 557 1366 et
571 1303 707 1366 codicum
722 1303 871 1384 scriptura
886 1303 917 1365 in
932 1302 988 1366 tali
1003 1323 1035 1364 re
1050 1303 1209 1364 admodum
1224 1301 1341 1366 incerta
1351 1301 1433 1386 sit1).

262 1397 382 1479 Quum
402 1401 559 1466 interim
580 1423 639 1466 uno
661 1404 725 1466 loco
747 1411 794 1466 est
815 1411 956 1485 sequente
978 1401 1168 1483 conjunctivo
1190 1404 1294 1464 eedem
1316 1402 1433 1484 signifi-

178 1501 299 1565 catione
326 1509 417 1584 atque
445 1523 538 1586 quum
560 1511 678 1568 tamen:
710 1503 751 1578 V,
773 1503 830 1578 28,
853 1507 872 1566 2
894 1523 924 1585 p.
946 1498 1006 1566 207
1028 1504 1069 1566 in.
1097 1523 1191 1587 neque
1211 1501 1266 1567 eiii
1288 1523 1434 1588 umquem

177 1601 330 1666 medicine
353 1601 497 1687 profecit,
529 1603 582 1668 sed
607 1603 716 1668 musta
739 1605 881 1689 pretinm
908 1605 1053 1668 concitate
1080 1612 1150 1668 sunt
1177 1611 1204 1667 et
1230 1603 1434 1681 increverunt,

177 1701 272 1766 donee
292 1703 459 1768 occiderent
479 1727 539 1780 —,·
560 1725 653 1789 quum
673 1705 796 1768 interim
812 1703 952 1790 plerique
972 1703 1088 1768 nudum
1108 1703 1171 1766 rim
1190 1702 1361 1768 adhibendo
1377 1741 1433 1782 -·-,

176 1803 340 1887 quominus
361 1803 403 1866 od
424 1802 561 1868 ulnmom
582 1815 755 1870 senectutem
774 1807 968 1890 perveniant,
996 1827 1057 1870 non
1073 1802 1299 1890 prohibeantur.
1342 1807 1433 1870 Han·

177 1904 246 1967 dius
268 1914 373 1968 eutem
396 1905 475 1968 ialao
496 1908 650 1970 contendit
658 1906 706 1993 ²),
728 1919 796 1990 post
817 1908 897 1970 hanc
918 1907 1099 1972 locutionem
1121 1925 1242 1987 semper
1263 1906 1332 1987 poni
1352 1907 1432 1970 indi-

177 2004 323 2069 cativum.
366 2006 407 2070 Et
439 2008 518 2089 apud
552 2007 775 2080 Quintilianum
808 2010 929 2091 quidem
961 2008 1144 2072 indicativus
1173 2007 1264 2070 etiam
1293 2006 1330 2070 iis
1358 2007 1432 2072 locis

176 2107 328 2187 sequitur,
360 2108 413 2170 ubi
439 2109 662 2189 exspectandus
687 2119 754 2172 erat
781 2110 1007 2190 conjunctivus,
1040 2107 1109 2190 quis
1130 2108 1209 2170 inest
1229 2107 1260 2170 in
1282 2107 1434 2190 particula

177 2225 273 2291 quum
302 2208 477 2272 concessiva
509 2209 556 2272 vis
589 2208 712 2296 (Quint.
743 2211 855 2285 10,1‚
879 2209 926 2275 18.
969 2211 1022 2286 10,
1047 2211 1077 2284 l,
1102 2209 1170 2272 111.
1213 2204 1432 2294 12,10,6t).

178 2306 295 2372 Contra
317 2307 380 2373 (tic.
403 2307 479 2372 Suri.
502 2309 536 2386 5,
561 2309 613 2376 16:
646 2333 739 2396 quern
769 2311 892 2374 interim
922 2308 1011 2374 Sulla
1042 2331 1110 2372 eum
1141 2308 1249 2372 iisdem
1280 2307 1341 2372 iilis
1372 2331 1434 2374 non

175 2407 265 2472 modo
296 2419 411 2473 nonem
441 2407 689 2496 solitudinemque
720 2433 780 2476 non
811 2421 972 2497 quereret,
1003 2411 1057 2476 sed
1083 2431 1120 2475 ne
1146 2409 1291 2474 mediocri
1311 2410 1433 2496 quidem

176 2529 312 2573 ammone
338 2519 365 2574 et
386 2531 546 2596 conpressu
566 2513 815 2598 oonjnnperetur3
847 2513 900 2596 qui
921 2513 1003 2578 locus
1026 2512 1187 2576 consimilis
1209 2513 1236 2574 ei
1257 2522 1320 2589 est,
1346 2531 1431 2596 quem

176 2629 267 2691 supra
290 2629 328 2672 ex
350 2610 438 2675 Oelso
460 2613 561 2678 attuli.

260 2707 305 2775 se·
335 2713 560 2794 interrogativae
592 2716 746 2796 perticuiae
780 2716 839 2778 vim
864 2725 948 2780 tenet
977 2736 1036 2779 uno
1063 2712 1166 2798 locor)
1194 2715 1235 2788 V,
1256 2713 1312 2788 28,
1336 2714 1375 2778 12
1401 2733 1431 2796 p.

176 2810 238 2873 213
260 2821 338 2875 extr.
365 2812 401 2876 id
420 2835 538 2898 quoqne
559 2815 638 2880 disci
659 2825 772 2900 potest,
799 2816 828 2879 ei
841 2817 911 2902 jum
931 2839 1021 2882 necne
1041 2837 1074 2880 eo
1087 2811 1196 2904 flando
1214 2814 1431 2897 penetraverit,

176 2931 356 2994 quamquam
378 2913 408 2976 h.
421 2915 440 2976 l.
452 2915 554 2996 Targa
574 2916 717 2981 incertam
741 2937 806 2980 esse
829 2919 902 2982 dicit
924 2919 1058 2983 codicum
1073 2917 1264 2999 scripturam.
1278 2951 1315 2962 -
1327 2915 1430 2988 Quum

176 3011 404 3092 significandum
428 3024 506 3090 erat,
531 3016 575 3080 ite
596 3019 762 3098 praesertim
785 3018 898 3101 aliquid
926 3039 1030 3084 verum
1053 3039 1134 3094 esse,
1161 3016 1188 3080 si
1210 3015 1266 3078 hoc
1288 3017 1336 3080 vel
1356 3016 1430 3080 iliud

177 3113 290 3177 fectum
313 3121 407 3189 esset,
434 3114 540 3178 Celsus
562 3118 600 3178 ad
622 3119 853 3182 conditionalem
875 3121 1073 3195 sententiam,
1102 3137 1156 3200 per
1176 3125 1254 3198 part.
1274 3117 1303 3180 si
1323 3117 1430 3180 induc-

177 3221 258 3288 tam,
281 3234 426 3296 nusquam
448 3216 589 3296 apposuit
605 3218 793 3302 presertim,
813 3223 865 3284 sed
887 3222 1086 3286 locutionibus
1101 3239 1174 3283 usus
1190 3227 1254 3292 cst,
1276 3237 1341 3300 qum
1355 3226 1431 3282 suut

176 3313 276 3399 mopis
296 3314 343 3390 si,
370 3317 527 3402 mapisqne
547 3318 590 3394 si,
618 3321 814 3396 meminisci,
833 3323 1044 3408 peremptisque
1064 3321 1092 3385 ei
1123 3319 1200 3405 (vid.
1222 3338 1290 3402 quae
1312 3319 1349 3381 de
1371 3319 1430 3383 hac

176 3415 390 3496 particularum
413 3419 622 3500 conjunctione
645 3422 733 3502 peulo
755 3441 847 3504 supra
868 3421 1044 3508 annotavi),
1064 3422 1167 3508 atique
1187 3419 1224 3482 si.
1265 3417 1373 3506 Mane
1385 3420 1429 3496 δι’,

176 3516 255 3594 quod
277 3517 454 3604 Handins⁴)
476 3520 550 3583 dicit
569 3521 767 3586 recentiorum
788 3523 968 3605 scriptorum
990 3543 1070 3599 esse,
1096 3524 1176 3605 epud
1199 3519 1317 3586 cenum
1340 3520 1428 3584 valde

178 3613 318 3700 frequens
339 3627 402 3693 est,
423 3619 508 3684 velut
527 3623 576 3697 II,
596 3622 618 3686 8
639 3643 667 3704 p.
690 3623 747 3700 48,
769 3625 811 3688 24
837 3621 896 3690 Oui
915 3646 984 3690 cero
1005 3646 1079 3689 sano
1100 3623 1215 3688 subitus
1235 3620 1322 3686 dolor
1342 3621 1429 3706 eopi-

176 3710 216 3774 tis
236 3721 318 3776 ortus
339 3725 382 3778 est
402 3753 459 3795 -,
486 3723 570 3786 intre
590 3723 747 3807 septimum
768 3724 848 3790 diem
864 3727 1056 3811 pereundum
1076 3735 1131 3802 est,
1152 3722 1251 3809 inopis
1270 3722 1313 3798 si,
1327 3743 1429 3808 quum

177 3809 264 3874 alcen
283 3815 344 3878 cite
363 3837 425 3880 non
444 3826 646 3901 antecesserit,
667 3823 824 3911 papaten
844 3827 1020 3892 dormientis
1040 3847 1101 3892 non
1114 3835 1233 3900 coeunt,
1253 3823 1307 3888 sed
1326 3821 1429 3888 adem

226 4025 245 4101 ¹)
268 4029 315 4088 cfr
335 4033 370 4090 dc
392 4032 595 4106 significet-ione
616 4039 763 4109 particule
784 4061 839 4114 qno
860 4042 998 4110 Schmin,
1021 4044 1041 4098 Ι.
1058 4043 1077 4100 l.
1102 4042 1206 4111 teto.

221 4111 245 4187 ²)
268 4119 361 4176 Hand.
384 4137 406 4176 s.
430 4139 457 4177 v.
480 4125 589 4180 interim
610 4143 696 4198 pugg.
715 4129 777 4186 423
801 4132 830 4184 et
853 4129 926 4186 429.
963 4130 1009 4186 cn
1031 4130 1191 4199 Zumptium
1210 4129 1247 4184 ad
1266 4127 1376 4197 Quint,
1398 4126 1428 4182 in

179 4202 235 4258 vol.
260 4206 276 4260 5
301 4205 431 4264 editionis
452 4207 612 4284 Spalding„
636 4231 702 4285 pag.
722 4215 800 4283 411;
824 4215 1020 4288 Spaldingium
1041 4217 1078 4272 ad
1100 4217 1196 4284 Quint.
1219 4217 1272 4284 12,
1291 4215 1413 4282 incr.
1511 4239 1517 4248 ·

222 4283 247 4361 ³)
268 4291 339 4349 Cels.
364 4293 418 4360 ΠΙ,
445 4297 482 4351 18
505 4297 568 4365 fin„
591 4299 640 4354 ubi
661 4301 730 4357 olim
750 4303 885 4372 scriptum
909 4307 970 4364 erut
987 4305 1106 4360 'Interest
1126 4306 1222 4369 etam,
1244 4305 1270 4358 si
1290 4305 1350 4374 ipse
1370 4302 1430 4355 sine

178 4393 266 4432 cansa
287 4382 403 4437 endinde
422 4385 527 4449 rident,
550 4404 591 4441 an
609 4397 725 4444 nuestus
745 4391 932 4462 demissusque
952 4393 1000 4458 cit,
1022 4390 1116 4462 Terga
1137 4393 1166 4447 et
1187 4389 1353 4447 recentiores
1372 4385 1429 4442 cdi-

176 4461 250 4518 tores
271 4483 323 4536 pro
345 4470 370 4524 si
391 4475 543 4540 posuerunt
564 4475 596 4530 is.

220 4545 245 4620 4)
267 4550 296 4608 S.
319 4572 347 4610 v.
369 4559 460 4630 meeis
480 4577 546 4632 pag.
564 4549 655 4617 560.'
