3450 5310
293 389 312 446 3
816 388 847 447 C.
870 390 904 448 Δ.
925 389 1036 448 Brolen.

292 563 447 640 dicuntur,
478 562 522 626 sic
554 561 634 642 upnd
665 563 812 642 quosdam
833 563 982 644 praecipue
1003 561 1164 643 scriptores
1183 559 1391 632 inveniuntur,
1413 557 1463 641 qni
1485 557 1543 622 bno

292 665 452 746 pertinent.
496 659 598 733 Quare
631 661 736 726 Celsus
763 663 843 726 inter
863 671 1012 744 argentee
1033 663 1133 726 statie
1153 661 1316 742 scriptores
1338 660 1437 744 potiar
1458 659 1544 722 vide-

292 773 343 828 tur
374 765 414 828 ad
446 765 594 830 Senecam
626 763 792 839 rhetorem,
824 763 1036 838 Columellam,
1067 763 1245 829 Suetonium
1273 781 1365 846 prope
1386 761 1545 835 accedere,

291 884 381 948 quam
402 885 469 929 cum
492 867 608 930 Seneca
628 863 804 947 philosopho
826 865 874 928 vel
896 885 963 928 oum
985 863 1083 928 Plinio
1105 863 1219 928 minore
1234 883 1300 927 esse
1315 861 1544 944 comparandus.

373 967 412 1030 Εἰ
435 975 536 1030 autem
558 983 673 1046 magoae
694 965 776 1028 laudi
796 965 986 1030 tribuendum
1009 984 1092 1040 esse,
1114 966 1193 1047 quod
1214 981 1306 1045 genus
1327 961 1479 1028 scribendi
1492 981 1544 1025 aa·

290 1068 421 1148 sumpsit
433 1075 465 1130 et
479 1065 630 1148 elegantia
643 1075 789 1146 praestans
803 1075 834 1129 et
847 1067 887 1130 ad
902 1065 1066 1130 docendum
1082 1067 1356 1140 accommodatum,
1377 1061 1545 1146 apparebit,

292 1167 407 1230 sicum
430 1186 466 1231 so
492 1166 762 1247 comparaverimus
784 1185 850 1240 eus,
879 1167 928 1248 qui
951 1187 1009 1230 non
1032 1167 1125 1229 multo
1146 1175 1215 1249 post
1236 1185 1302 1230 eum
1324 1167 1355 1228 in
1377 1166 1467 1228 rebus
1489 1183 1545 1226 na·

291 1277 367 1332 tures
388 1268 589 1332 describendis
610 1268 825 1342 versabantur,
847 1267 1046 1349 Pomponium
1066 1267 1179 1332 Melam
1199 1276 1231 1330 et
1246 1265 1375 1332 Plinium
1392 1265 1543 1345 majorem.

291 1368 393 1441 Quum
417 1371 495 1432 enim
516 1369 595 1432 illius
617 1369 782 1432 orationem
804 1367 893 1431 nimis
913 1369 1067 1432 florentem
1089 1376 1121 1432 et
1141 1367 1331 1434 artificiosam
1359 1365 1545 1440 invenimus,
1570 1431 1573 1436 ,

292 1469 401 1552 quibus
433 1471 523 1533 rebus
554 1471 603 1543 lit,
636 1478 670 1532 nt
690 1468 827 1532 dilucide
847 1477 878 1532 et
899 1478 1048 1534 accuratu
1069 1489 1166 1534 rerum
1188 1469 1368 1550 expositioni
1389 1475 1545 1542 noceatur,

292 1579 356 1633 turn
378 1571 458 1652 epod
480 1569 610 1633 Plinium
633 1569 847 1634 obscuritatem
868 1571 1034 1652 presertim
1056 1581 1089 1634 et
1109 1571 1271 1636 duritatem
1291 1569 1545 1652 reprehendimus

291 1671 410 1734 Contra
431 1671 511 1753 apud
532 1670 651 1734 Celsum
674 1671 774 1736 omnia
794 1689 870 1752 pura
891 1679 922 1734 et
943 1671 1072 1735 candida
1092 1681 1164 1735 sunt
1184 1681 1216 1736 et
1236 1671 1276 1734 ad
1297 1689 1346 1734 res
1373 1669 1460 1752 quasi
1487 1667 1545 1730 sub

292 1771 443 1836 oculomm
466 1780 590 1854 aspectu
611 1772 765 1852 ponendas
786 1771 950 1852 aptissima.

375 1870 465 1943 Quod
497 1881 596 1935 entem
628 1869 749 1934 Celsum
783 1872 845 1934 dixi
873 1873 902 1934 in
929 1872 1017 1936 rebus
1038 1871 1222 1952 exponendis
1244 1872 1394 1936 brevitate
1415 1867 1544 1952 quadan

292 1973 352 2048 nti,
373 1973 438 2037 heec
458 1981 561 2036 unren
583 1973 716 2036 brevitas
739 1991 884 2054 nusquam
907 1974 968 2036 lere
990 1993 1026 2036 ea
1047 1981 1108 2047 est,
1129 1991 1196 2055 qum
1209 1972 1416 2054 perspicuitati
1431 1969 1546 2032 cretio-

293 2075 340 2137 nia
362 2075 487 2138 officiat.
529 2073 630 2137 Multa
650 2074 755 2149 etiam,
777 2093 843 2156 qnoe
858 2074 916 2138 hnc
930 2074 1096 2156 pertinent,
1118 2075 1156 2136 ud
1171 2073 1416 2136 consuetudieem
1432 2087 1545 2144 eorum,

291 2175 343 2256 qni
364 2184 446 2238 ortes
467 2175 608 2250 madunt,
629 2184 757 2256 possunt
776 2175 920 2238 revocari.
964 2175 1072 2239 Solent
1092 2173 1170 2238 enim
1192 2182 1344 2256 precepta
1363 2193 1453 2257 qnam
1475 2171 1545 2234 bre·

216 2303 219 2312 =
292 2276 413 2339 vissime
434 2275 681 2357 comprehendere
701 2295 793 2358 eaque
816 2277 875 2338 lere
896 2275 1049 2350 omittere,
1071 2294 1137 2358 qnae
1152 2275 1345 2339 etiamsinon
1360 2271 1546 2357 positasiot,

292 2376 381 2440 lacile
404 2385 506 2440 tamen
528 2375 655 2456 intelligi
676 2376 810 2438 credant.
853 2375 935 2440 Celsi
957 2385 1058 2440 autem
1080 2377 1294 2458 brevitasque
1317 2377 1433 2440 facilius
1447 2391 1547 2456 appa·

291 2484 360 2540 reat
380 2476 476 2558 qualia
497 2476 553 2551 sit,
575 2475 712 2556 exempla
733 2475 878 2539 nonnnllu
899 2477 1037 2540 allorum:

375 2573 549 2660 Strbjeotm
569 2577 730 2638 sententies
752 2576 901 2640 nonnullis
922 2577 995 2640 lonis
1017 2578 1159 2642 omissum
1182 2585 1243 2654 est,
1274 2579 1326 2642 nbi
1348 2597 1387 2640 ex
1407 2577 1546 2640 universo

290 2677 509 2740 sententiarum
540 2695 677 2740 conoerm
708 2677 888 2740 audiendum
921 2688 969 2742 est
1000 2685 1054 2742 ant
1084 2679 1173 2761 paolo
1202 2679 1317 2760 longius
1341 2677 1545 2759 repetendum.

291 2776 382 2849 Quod
403 2778 527 2859 saepisse
548 2778 598 2853 lit,
620 2775 672 2840 nbi
694 2779 730 2842 de
751 2797 829 2860 aegro
850 2779 969 2841 homine
990 2797 1089 2843 sermo
1110 2789 1169 2856 est,
1190 2781 1274 2844 velut
1293 2781 1356 2856 IH,
1380 2777 1419 2841 18
1440 2797 1470 2858 p.
1487 2779 1543 2841 101

292 2889 370 2942 extr.
402 2880 468 2954 III,
489 2880 530 2943 24
551 2899 580 2961 p.
605 2877 675 2941 116.
703 2879 760 2954 IV,
781 2881 802 2942 2
823 2899 852 2960 p.
877 2880 937 2942 124
958 2889 1036 2944 extr.
1063 2880 1397 2963 1V,22p.148,10.
1426 2878 1546 2952 1v‚23

291 2999 322 3062 p.
346 2979 416 3053 149,
439 2980 488 3044 10.
520 2980 577 3055 IV,
597 2980 639 3042 24
660 2999 689 3060 p.
713 2978 772 3041 150
793 2979 833 3042 in.
876 2980 934 3054 IV,
956 2980 998 3044 28
1019 2987 1096 3044 extr.
1128 2981 1185 3056 VI,
1209 2977 1247 3044 17
1267 2981 1310 3046 in.
1341 2981 1431 3056 VIII,
1453 2980 1496 3042 20
1516 2997 1546 3061 p.

290 3079 371 3155 359,
392 3080 443 3143 23.
487 3078 540 3143 Cir
560 3079 600 3156 V,
624 3080 679 3154 18,
699 3081 740 3142 23
769 3077 893 3164 (aliquia
910 3079 968 3143 ‘vel
994 3079 1150 3164 medicae).
1198 3081 1286 3164 Saepe
1311 3082 1402 3146 etiem
1430 3081 1481 3154 lit,
1511 3087 1547 3144 ut

199 3233 201 3237 .
292 3181 451 3246 brevitatis
484 3201 577 3244 causa
607 3201 660 3262 pro
692 3180 884 3244 substantivo
915 3189 1048 3262 ponatur
1079 3200 1241 3263 pronomen
1264 3181 1546 3256 demonstrativum,

290 3301 383 3364 quum
415 3281 532 3364 longius
564 3282 646 3345 absit
675 3281 723 3358 id,
751 3283 790 3346 ad
812 3281 890 3364 quod
912 3283 1065 3347 referetur.
1108 3283 1229 3347 Dicitur
1249 3285 1309 3347 lere
1331 3284 1367 3346 de
1388 3301 1467 3364 egro
1489 3281 1546 3344 bo-

292 3382 387 3458 mine,
409 3383 492 3446 velut
513 3384 560 3456 II,
582 3382 602 3448 6
623 3401 653 3464 p.
676 3381 732 3458 36,
753 3383 794 3444 23
815 3383 851 3445 ia.
895 3383 950 3446 Cir
970 3385 1016 3457 II,
1040 3379 1078 3447 17
1099 3403 1129 3466 p.
1151 3383 1202 3458 63,
1216 3385 1267 3448 24.
1289 3378 1477 3464 111,7,1ρ.
1492 3379 1545 3458 89,

291 3483 324 3546 8.
365 3481 705 3564 111,18p.102,16.
749 3483 1104 3564 V11,20p.301,11.
1141 3483 1545 3566 V1126,op.312,32.

292 3583 365 3648 ibid.
387 3603 415 3665 p
438 3585 510 3658 313,
532 3583 582 3648 36.
616 3584 690 3658 VH,
713 3583 763 3659 30,
784 3583 805 3646 3
826 3591 902 3648 extr.
934 3582 1027 3659 VIII,
1048 3583 1068 3646 4
1088 3603 1119 3666 p.
1141 3581 1203 3648 336
1224 3595 1304 3649 extr.
1322 3619 1364 3634 -·
1385 3579 1546 3660 v11,v,6

292 3703 323 3766 p.
344 3678 407 3747 275
427 3692 503 3747 extr.
525 3683 594 3769 ipsi.
636 3685 717 3760 VII,
738 3681 769 3760 7,
792 3683 830 3746 15
852 3705 880 3766 p.
903 3683 964 3748 282
985 3694 1061 3748 extr.
1084 3685 1160 3770 ipso.
1195 3685 1270 3761 VH,
1291 3685 1343 3761 26,
1364 3685 1384 3748 5
1405 3686 1446 3749 in.
1468 3704 1545 3748 evm.

293 3785 371 3860 VH,
392 3785 443 3860 30,
467 3786 483 3847 1
506 3805 536 3867 p.
558 3785 633 3859 319,
656 3780 704 3849 17.
736 3785 817 3862 VII,
844 3785 885 3850 29
914 3795 990 3849 extr.
1016 3783 1080 3850 illu.
1122 3787 1217 3861 VIII,
1246 3787 1300 3861 10,
1327 3789 1348 3850 2
1372 3805 1403 3868 p.
1425 3780 1498 3861 347,
1524 3783 1546 3847 8

293 3885 399 3972 ipsias.
432 3885 529 3961 VIII,
549 3889 592 3950 22
612 3885 669 3950 te.
712 3885 766 3949 etr
790 3887 854 3962 HI,
875 3888 897 3948 2
916 3905 946 3968 p.
968 3881 1009 3950 76
1029 3887 1072 3950 in.
1094 3886 1172 3970 ejus,
1192 3883 1399 3974 ia(morbns).
1430 3883 1546 3962 111,12

293 4007 322 4069 p.
344 3986 394 4062 94,
415 3986 436 4052 9
456 3987 485 4050 is
505 3985 651 4074 (horror).
694 3986 752 4062 IV,
773 3987 812 4050 31
835 4007 864 4070 p.
889 3981 949 4052 167
969 3987 1012 4052 in.
1032 3987 1113 4074 ejus,
1135 3987 1170 4052 t'd
1191 3986 1347 4076 (mutim).
1389 3988 1431 4063 V,
1452 3985 1504 4064 28,
1524 3987 1546 4048 2

294 4095 371 4152 extr.
393 4087 428 4150 id
448 4087 572 4173 (ulcus).
614 4088 691 4164 VH,
715 4088 753 4150 10
773 4097 849 4151 extr.

377 4189 436 4251 Est
457 4190 538 4271 apud
559 4189 635 4254 alios
657 4207 773 4272 qnoque
795 4175 957 4270 scriptores
977 4189 1089 4273 ellipsis
1110 4189 1298 4255 substantivi
1319 4189 1351 4252 in
1372 4187 1484 4252 talibus
1498 4188 1545 4250 lo·

294 4289 478 4364 optionibus,
499 4290 600 4371 quales
614 4299 700 4354 suot:
722 4288 866 4366 meana,
880 4299 1031 4376 quartano
1045 4290 1178 4378 (febris),
1193 4289 1314 4366 bubula,
1328 4287 1418 4354 acillo
1431 4285 1545 4375 (cero),

288 4389 413 4477 sriqidn
434 4388 544 4477 (aqua)
557 4390 604 4477 ¹),
615 4413 743 4478 passum
765 4383 914 4482 (vinum),
936 4393 1071 4458 recuadae
1092 4389 1318 4480 (membranae).

343 4605 363 4680 ¹)
385 4609 452 4666 Hmc
477 4607 583 4680 ellipsis
609 4611 685 4682 epnd
711 4610 821 4670 Celsum
846 4616 888 4670 eet
915 4629 972 4670 uno
996 4611 1058 4669 Ioco
1079 4612 1130 4682 IV,
1154 4613 1193 4669 12
1215 4629 1245 4686 p.
1271 4613 1342 4682 137,
1365 4611 1396 4672 4-
1440 4607 1545 4670 Coubru
